{ "Coverage" : [{
    "CLIENT_ID":"1",
    "CLIENT_NAME":"client_1",
    "LAST_TRADE_DATE":"02/01/2012 00:00:00",
    "TRADE_VOLUME":"15,916,642,203",
    "REVENUE":"36,699,660",
    "TRAVEL_ENTERTAINMENT":"366996.60",
    "EVENT_COUNT":"170",
    "MEETING_COUNT":"8,510"
  },
  {
    "CLIENT_ID":"10",
    "CLIENT_NAME":"client_10",
    "LAST_TRADE_DATE":"01/18/2012 00:00:00",
    "TRADE_VOLUME":"4,138,600",
    "REVENUE":"8,618",
    "TRAVEL_ENTERTAINMENT":"258.55",
    "EVENT_COUNT":"",
    "MEETING_COUNT":"6"
  },
  {
    "CLIENT_ID":"100",
    "CLIENT_NAME":"client_100",
    "LAST_TRADE_DATE":"01/27/2012 00:00:00",
    "TRADE_VOLUME":"1,887",
    "REVENUE":"599",
    "TRAVEL_ENTERTAINMENT":"3.00",
    "EVENT_COUNT":"",
    "MEETING_COUNT":"1"
  },
  {
    "CLIENT_ID":"1000",
    "CLIENT_NAME":"client_1000",
    "LAST_TRADE_DATE":"10/26/2011 00:00:00",
    "TRADE_VOLUME":"117",
    "REVENUE":"49",
    "TRAVEL_ENTERTAINMENT":"",
    "EVENT_COUNT":"",
    "MEETING_COUNT":""
  },
  {
    "CLIENT_ID":"1001",
    "CLIENT_NAME":"client_1001",
    "LAST_TRADE_DATE":"12/31/2011 00:00:00",
    "TRADE_VOLUME":"16,361,316",
    "REVENUE":"851,738",
    "TRAVEL_ENTERTAINMENT":"",
    "EVENT_COUNT":"",
    "MEETING_COUNT":"5"
  },
  {
    "CLIENT_ID":"1002",
    "CLIENT_NAME":"client_1002",
    "LAST_TRADE_DATE":"02/01/2012 00:00:00",
    "TRADE_VOLUME":"73,454,037",
    "REVENUE":"1,579,317",
    "TRAVEL_ENTERTAINMENT":"",
    "EVENT_COUNT":"1",
    "MEETING_COUNT":"63"
  },
  {
    "CLIENT_ID":"1003",
    "CLIENT_NAME":"client_1003",
    "LAST_TRADE_DATE":"02/01/2012 00:00:00",
    "TRADE_VOLUME":"27,698,522",
    "REVENUE":"1,521,173",
    "TRAVEL_ENTERTAINMENT":"",
    "EVENT_COUNT":"1",
    "MEETING_COUNT":"26"
  },
  {
    "CLIENT_ID":"1004",
    "CLIENT_NAME":"client_1004",
    "LAST_TRADE_DATE":"12/21/2011 00:00:00",
    "TRADE_VOLUME":"130,000",
    "REVENUE":"4,200",
    "TRAVEL_ENTERTAINMENT":"",
    "EVENT_COUNT":"",
    "MEETING_COUNT":""
  },
  {
    "CLIENT_ID":"1005",
    "CLIENT_NAME":"client_1005",
    "LAST_TRADE_DATE":"01/30/2012 00:00:00",
    "TRADE_VOLUME":"658,297",
    "REVENUE":"38,419",
    "TRAVEL_ENTERTAINMENT":"",
    "EVENT_COUNT":"",
    "MEETING_COUNT":"20"
  },
  {
    "CLIENT_ID":"1006",
    "CLIENT_NAME":"client_1006",
    "LAST_TRADE_DATE":"01/23/2012 00:00:00",
    "TRADE_VOLUME":"6,991,598",
    "REVENUE":"38,468",
    "TRAVEL_ENTERTAINMENT":"",
    "EVENT_COUNT":"2",
    "MEETING_COUNT":"78"
  },
  {
    "CLIENT_ID":"1007",
    "CLIENT_NAME":"client_1007",
    "LAST_TRADE_DATE":"01/13/2012 00:00:00",
    "TRADE_VOLUME":"5,402",
    "REVENUE":"11,582",
    "TRAVEL_ENTERTAINMENT":"",
    "EVENT_COUNT":"",
    "MEETING_COUNT":""
  },
  {
    "CLIENT_ID":"1008",
    "CLIENT_NAME":"client_1008",
    "LAST_TRADE_DATE":"02/01/2012 00:00:00",
    "TRADE_VOLUME":"61,625",
    "REVENUE":"1,233",
    "TRAVEL_ENTERTAINMENT":"",
    "EVENT_COUNT":"",
    "MEETING_COUNT":""
  },
  {
    "CLIENT_ID":"1009",
    "CLIENT_NAME":"client_1009",
    "LAST_TRADE_DATE":"01/25/2012 00:00:00",
    "TRADE_VOLUME":"66,816,118",
    "REVENUE":"154,821",
    "TRAVEL_ENTERTAINMENT":"",
    "EVENT_COUNT":"",
    "MEETING_COUNT":"4"
  },
  {
    "CLIENT_ID":"101",
    "CLIENT_NAME":"client_101",
    "LAST_TRADE_DATE":"02/01/2012 00:00:00",
    "TRADE_VOLUME":"73,138,254",
    "REVENUE":"585,896",
    "TRAVEL_ENTERTAINMENT":"",
    "EVENT_COUNT":"4",
    "MEETING_COUNT":"199"
  },
  {
    "CLIENT_ID":"1010",
    "CLIENT_NAME":"client_1010",
    "LAST_TRADE_DATE":"01/30/2012 00:00:00",
    "TRADE_VOLUME":"172,385,410",
    "REVENUE":"985,174",
    "TRAVEL_ENTERTAINMENT":"",
    "EVENT_COUNT":"",
    "MEETING_COUNT":"3"
  },
  {
    "CLIENT_ID":"1011",
    "CLIENT_NAME":"client_1011",
    "LAST_TRADE_DATE":"02/01/2012 00:00:00",
    "TRADE_VOLUME":"365,133,598",
    "REVENUE":"2,789,668",
    "TRAVEL_ENTERTAINMENT":"27896.68",
    "EVENT_COUNT":"11",
    "MEETING_COUNT":"556"
  },
  {
    "CLIENT_ID":"1012",
    "CLIENT_NAME":"client_1012",
    "LAST_TRADE_DATE":"02/01/2012 00:00:00",
    "TRADE_VOLUME":"73,829,396",
    "REVENUE":"2,305,972",
    "TRAVEL_ENTERTAINMENT":"",
    "EVENT_COUNT":"3",
    "MEETING_COUNT":"156"
  },
  {
    "CLIENT_ID":"1013",
    "CLIENT_NAME":"client_1013",
    "LAST_TRADE_DATE":"02/01/2012 00:00:00",
    "TRADE_VOLUME":"59,876,156",
    "REVENUE":"197,909",
    "TRAVEL_ENTERTAINMENT":"",
    "EVENT_COUNT":"",
    "MEETING_COUNT":"1"
  },
  {
    "CLIENT_ID":"1014",
    "CLIENT_NAME":"client_1014",
    "LAST_TRADE_DATE":"01/24/2012 00:00:00",
    "TRADE_VOLUME":"95,074,300",
    "REVENUE":"231,915",
    "TRAVEL_ENTERTAINMENT":"",
    "EVENT_COUNT":"",
    "MEETING_COUNT":"1"
  },
  {
    "CLIENT_ID":"1015",
    "CLIENT_NAME":"client_1015",
    "LAST_TRADE_DATE":"02/01/2012 00:00:00",
    "TRADE_VOLUME":"71,191,985",
    "REVENUE":"2,999,192",
    "TRAVEL_ENTERTAINMENT":"29991.92",
    "EVENT_COUNT":"5",
    "MEETING_COUNT":"231"
  },
  {
    "CLIENT_ID":"1016",
    "CLIENT_NAME":"client_1016",
    "LAST_TRADE_DATE":"02/01/2012 00:00:00",
    "TRADE_VOLUME":"1,779,901,481",
    "REVENUE":"23,130,213",
    "TRAVEL_ENTERTAINMENT":"231302.13",
    "EVENT_COUNT":"29",
    "MEETING_COUNT":"1,458"
  },
  {
    "CLIENT_ID":"1017",
    "CLIENT_NAME":"client_1017",
    "LAST_TRADE_DATE":"02/01/2012 00:00:00",
    "TRADE_VOLUME":"8,701,983",
    "REVENUE":"498,602",
    "TRAVEL_ENTERTAINMENT":"",
    "EVENT_COUNT":"1",
    "MEETING_COUNT":"73"
  },
  {
    "CLIENT_ID":"1018",
    "CLIENT_NAME":"client_1018",
    "LAST_TRADE_DATE":"10/24/2011 00:00:00",
    "TRADE_VOLUME":"516,751",
    "REVENUE":"23,084",
    "TRAVEL_ENTERTAINMENT":"",
    "EVENT_COUNT":"",
    "MEETING_COUNT":""
  },
  {
    "CLIENT_ID":"1019",
    "CLIENT_NAME":"client_1019",
    "LAST_TRADE_DATE":"02/01/2012 00:00:00",
    "TRADE_VOLUME":"44,324,570",
    "REVENUE":"463,915",
    "TRAVEL_ENTERTAINMENT":"",
    "EVENT_COUNT":"1",
    "MEETING_COUNT":"62"
  },
  {
    "CLIENT_ID":"102",
    "CLIENT_NAME":"client_102",
    "LAST_TRADE_DATE":"01/25/2012 00:00:00",
    "TRADE_VOLUME":"16,089,554",
    "REVENUE":"15,323",
    "TRAVEL_ENTERTAINMENT":"76.62",
    "EVENT_COUNT":"",
    "MEETING_COUNT":"1"
  },
  {
    "CLIENT_ID":"1020",
    "CLIENT_NAME":"client_1020",
    "LAST_TRADE_DATE":"02/01/2012 00:00:00",
    "TRADE_VOLUME":"3,483,652,548",
    "REVENUE":"2,359,377",
    "TRAVEL_ENTERTAINMENT":"",
    "EVENT_COUNT":"7",
    "MEETING_COUNT":"359"
  },
  {
    "CLIENT_ID":"1021",
    "CLIENT_NAME":"client_1021",
    "LAST_TRADE_DATE":"02/01/2012 00:00:00",
    "TRADE_VOLUME":"170,186,239",
    "REVENUE":"686,905",
    "TRAVEL_ENTERTAINMENT":"",
    "EVENT_COUNT":"3",
    "MEETING_COUNT":"150"
  },
  {
    "CLIENT_ID":"1022",
    "CLIENT_NAME":"client_1022",
    "LAST_TRADE_DATE":"12/31/2011 00:00:00",
    "TRADE_VOLUME":"0",
    "REVENUE":"110,769",
    "TRAVEL_ENTERTAINMENT":"",
    "EVENT_COUNT":"",
    "MEETING_COUNT":""
  },
  {
    "CLIENT_ID":"1023",
    "CLIENT_NAME":"client_1023",
    "LAST_TRADE_DATE":"01/24/2012 00:00:00",
    "TRADE_VOLUME":"511,232",
    "REVENUE":"11,913",
    "TRAVEL_ENTERTAINMENT":"59.56",
    "EVENT_COUNT":"",
    "MEETING_COUNT":"1"
  },
  {
    "CLIENT_ID":"1024",
    "CLIENT_NAME":"client_1024",
    "LAST_TRADE_DATE":"02/01/2012 00:00:00",
    "TRADE_VOLUME":"94,461,919",
    "REVENUE":"870,113",
    "TRAVEL_ENTERTAINMENT":"",
    "EVENT_COUNT":"8",
    "MEETING_COUNT":"387"
  },
  {
    "CLIENT_ID":"1025",
    "CLIENT_NAME":"client_1025",
    "LAST_TRADE_DATE":"01/19/2012 00:00:00",
    "TRADE_VOLUME":"3,328,026",
    "REVENUE":"1,887,755",
    "TRAVEL_ENTERTAINMENT":"",
    "EVENT_COUNT":"",
    "MEETING_COUNT":"13"
  },
  {
    "CLIENT_ID":"1026",
    "CLIENT_NAME":"client_1026",
    "LAST_TRADE_DATE":"12/21/2011 00:00:00",
    "TRADE_VOLUME":"210",
    "REVENUE":"479",
    "TRAVEL_ENTERTAINMENT":"",
    "EVENT_COUNT":"",
    "MEETING_COUNT":""
  },
  {
    "CLIENT_ID":"1027",
    "CLIENT_NAME":"client_1027",
    "LAST_TRADE_DATE":"02/01/2012 00:00:00",
    "TRADE_VOLUME":"61,246,180",
    "REVENUE":"857,748",
    "TRAVEL_ENTERTAINMENT":"",
    "EVENT_COUNT":"",
    "MEETING_COUNT":""
  },
  {
    "CLIENT_ID":"1028",
    "CLIENT_NAME":"client_1028",
    "LAST_TRADE_DATE":"02/01/2012 00:00:00",
    "TRADE_VOLUME":"7,704,792",
    "REVENUE":"78,058",
    "TRAVEL_ENTERTAINMENT":"",
    "EVENT_COUNT":"",
    "MEETING_COUNT":"23"
  },
  {
    "CLIENT_ID":"1029",
    "CLIENT_NAME":"client_1029",
    "LAST_TRADE_DATE":"02/01/2012 00:00:00",
    "TRADE_VOLUME":"73,626,105",
    "REVENUE":"495,520",
    "TRAVEL_ENTERTAINMENT":"",
    "EVENT_COUNT":"5",
    "MEETING_COUNT":"247"
  },
  {
    "CLIENT_ID":"103",
    "CLIENT_NAME":"client_103",
    "LAST_TRADE_DATE":"09/20/2011 00:00:00",
    "TRADE_VOLUME":"0",
    "REVENUE":"25,959",
    "TRAVEL_ENTERTAINMENT":"",
    "EVENT_COUNT":"",
    "MEETING_COUNT":""
  },
  {
    "CLIENT_ID":"1030",
    "CLIENT_NAME":"client_1030",
    "LAST_TRADE_DATE":"02/01/2012 00:00:00",
    "TRADE_VOLUME":"30,617,520",
    "REVENUE":"869,655",
    "TRAVEL_ENTERTAINMENT":"",
    "EVENT_COUNT":"1",
    "MEETING_COUNT":"45"
  },
  {
    "CLIENT_ID":"1031",
    "CLIENT_NAME":"client_1031",
    "LAST_TRADE_DATE":"07/28/2011 00:00:00",
    "TRADE_VOLUME":"6,000",
    "REVENUE":"3,102",
    "TRAVEL_ENTERTAINMENT":"",
    "EVENT_COUNT":"",
    "MEETING_COUNT":""
  },
  {
    "CLIENT_ID":"1032",
    "CLIENT_NAME":"client_1032",
    "LAST_TRADE_DATE":"01/27/2012 00:00:00",
    "TRADE_VOLUME":"2,627,034",
    "REVENUE":"74,102",
    "TRAVEL_ENTERTAINMENT":"",
    "EVENT_COUNT":"",
    "MEETING_COUNT":"4"
  },
  {
    "CLIENT_ID":"1033",
    "CLIENT_NAME":"client_1033",
    "LAST_TRADE_DATE":"11/08/2011 00:00:00",
    "TRADE_VOLUME":"1,830,259",
    "REVENUE":"72,597",
    "TRAVEL_ENTERTAINMENT":"",
    "EVENT_COUNT":"1",
    "MEETING_COUNT":"27"
  },
  {
    "CLIENT_ID":"1034",
    "CLIENT_NAME":"client_1034",
    "LAST_TRADE_DATE":"02/01/2012 00:00:00",
    "TRADE_VOLUME":"5,743,634",
    "REVENUE":"141,861",
    "TRAVEL_ENTERTAINMENT":"",
    "EVENT_COUNT":"",
    "MEETING_COUNT":"6"
  },
  {
    "CLIENT_ID":"1035",
    "CLIENT_NAME":"client_1035",
    "LAST_TRADE_DATE":"01/04/2012 00:00:00",
    "TRADE_VOLUME":"275,726",
    "REVENUE":"20,438",
    "TRAVEL_ENTERTAINMENT":"2145.96",
    "EVENT_COUNT":"",
    "MEETING_COUNT":"21"
  },
  {
    "CLIENT_ID":"1036",
    "CLIENT_NAME":"client_1036",
    "LAST_TRADE_DATE":"02/01/2012 00:00:00",
    "TRADE_VOLUME":"13,897,987",
    "REVENUE":"274,012",
    "TRAVEL_ENTERTAINMENT":"",
    "EVENT_COUNT":"",
    "MEETING_COUNT":"9"
  },
  {
    "CLIENT_ID":"1037",
    "CLIENT_NAME":"client_1037",
    "LAST_TRADE_DATE":"01/03/2012 00:00:00",
    "TRADE_VOLUME":"7,486,377",
    "REVENUE":"238,261",
    "TRAVEL_ENTERTAINMENT":"",
    "EVENT_COUNT":"",
    "MEETING_COUNT":"1"
  },
  {
    "CLIENT_ID":"1038",
    "CLIENT_NAME":"client_1038",
    "LAST_TRADE_DATE":"08/29/2011 00:00:00",
    "TRADE_VOLUME":"0",
    "REVENUE":"0",
    "TRAVEL_ENTERTAINMENT":"",
    "EVENT_COUNT":"",
    "MEETING_COUNT":""
  },
  {
    "CLIENT_ID":"1039",
    "CLIENT_NAME":"client_1039",
    "LAST_TRADE_DATE":"09/12/2011 00:00:00",
    "TRADE_VOLUME":"2,000",
    "REVENUE":"33",
    "TRAVEL_ENTERTAINMENT":"",
    "EVENT_COUNT":"",
    "MEETING_COUNT":""
  },
  {
    "CLIENT_ID":"104",
    "CLIENT_NAME":"client_104",
    "LAST_TRADE_DATE":"01/26/2012 00:00:00",
    "TRADE_VOLUME":"115,312,245",
    "REVENUE":"1,099,989",
    "TRAVEL_ENTERTAINMENT":"",
    "EVENT_COUNT":"1",
    "MEETING_COUNT":"45"
  },
  {
    "CLIENT_ID":"1040",
    "CLIENT_NAME":"client_1040",
    "LAST_TRADE_DATE":"02/01/2012 00:00:00",
    "TRADE_VOLUME":"1,868,382",
    "REVENUE":"9,363,265",
    "TRAVEL_ENTERTAINMENT":"93632.65",
    "EVENT_COUNT":"",
    "MEETING_COUNT":"24"
  },
  {
    "CLIENT_ID":"1041",
    "CLIENT_NAME":"client_1041",
    "LAST_TRADE_DATE":"01/11/2012 00:00:00",
    "TRADE_VOLUME":"1,308,232",
    "REVENUE":"78,495",
    "TRAVEL_ENTERTAINMENT":"",
    "EVENT_COUNT":"",
    "MEETING_COUNT":"2"
  },
  {
    "CLIENT_ID":"1042",
    "CLIENT_NAME":"client_1042",
    "LAST_TRADE_DATE":"01/31/2012 00:00:00",
    "TRADE_VOLUME":"160,425,104",
    "REVENUE":"1,923,624",
    "TRAVEL_ENTERTAINMENT":"",
    "EVENT_COUNT":"8",
    "MEETING_COUNT":"386"
  },
  {
    "CLIENT_ID":"1043",
    "CLIENT_NAME":"client_1043",
    "LAST_TRADE_DATE":"01/25/2012 00:00:00",
    "TRADE_VOLUME":"7,020,490",
    "REVENUE":"112,877",
    "TRAVEL_ENTERTAINMENT":"",
    "EVENT_COUNT":"1",
    "MEETING_COUNT":"29"
  },
  {
    "CLIENT_ID":"1044",
    "CLIENT_NAME":"client_1044",
    "LAST_TRADE_DATE":"11/22/2011 00:00:00",
    "TRADE_VOLUME":"47,800",
    "REVENUE":"152",
    "TRAVEL_ENTERTAINMENT":"",
    "EVENT_COUNT":"",
    "MEETING_COUNT":""
  },
  {
    "CLIENT_ID":"1045",
    "CLIENT_NAME":"client_1045",
    "LAST_TRADE_DATE":"02/01/2012 00:00:00",
    "TRADE_VOLUME":"499,836,580",
    "REVENUE":"665,564",
    "TRAVEL_ENTERTAINMENT":"",
    "EVENT_COUNT":"4",
    "MEETING_COUNT":"208"
  },
  {
    "CLIENT_ID":"1046",
    "CLIENT_NAME":"client_1046",
    "LAST_TRADE_DATE":"02/01/2012 00:00:00",
    "TRADE_VOLUME":"888,639,859",
    "REVENUE":"11,315,673",
    "TRAVEL_ENTERTAINMENT":"113156.73",
    "EVENT_COUNT":"21",
    "MEETING_COUNT":"1,030"
  },
  {
    "CLIENT_ID":"1047",
    "CLIENT_NAME":"client_1047",
    "LAST_TRADE_DATE":"01/24/2012 00:00:00",
    "TRADE_VOLUME":"14,668,300",
    "REVENUE":"304,318",
    "TRAVEL_ENTERTAINMENT":"",
    "EVENT_COUNT":"1",
    "MEETING_COUNT":"31"
  },
  {
    "CLIENT_ID":"1048",
    "CLIENT_NAME":"client_1048",
    "LAST_TRADE_DATE":"01/23/2012 00:00:00",
    "TRADE_VOLUME":"578,700",
    "REVENUE":"22,090",
    "TRAVEL_ENTERTAINMENT":"",
    "EVENT_COUNT":"",
    "MEETING_COUNT":""
  },
  {
    "CLIENT_ID":"1049",
    "CLIENT_NAME":"client_1049",
    "LAST_TRADE_DATE":"12/31/2010 00:00:00",
    "TRADE_VOLUME":"0",
    "REVENUE":"450,000",
    "TRAVEL_ENTERTAINMENT":"",
    "EVENT_COUNT":"",
    "MEETING_COUNT":""
  },
  {
    "CLIENT_ID":"105",
    "CLIENT_NAME":"client_105",
    "LAST_TRADE_DATE":"09/08/2011 00:00:00",
    "TRADE_VOLUME":"0",
    "REVENUE":"46,748",
    "TRAVEL_ENTERTAINMENT":"",
    "EVENT_COUNT":"",
    "MEETING_COUNT":""
  },
  {
    "CLIENT_ID":"1050",
    "CLIENT_NAME":"client_1050",
    "LAST_TRADE_DATE":"02/01/2012 00:00:00",
    "TRADE_VOLUME":"83,385,878",
    "REVENUE":"977,982",
    "TRAVEL_ENTERTAINMENT":"",
    "EVENT_COUNT":"2",
    "MEETING_COUNT":"92"
  },
  {
    "CLIENT_ID":"1051",
    "CLIENT_NAME":"client_1051",
    "LAST_TRADE_DATE":"09/12/2011 00:00:00",
    "TRADE_VOLUME":"0",
    "REVENUE":"7,000",
    "TRAVEL_ENTERTAINMENT":"",
    "EVENT_COUNT":"",
    "MEETING_COUNT":""
  },
  {
    "CLIENT_ID":"1052",
    "CLIENT_NAME":"client_1052",
    "LAST_TRADE_DATE":"01/30/2012 00:00:00",
    "TRADE_VOLUME":"21,716,029",
    "REVENUE":"307,676",
    "TRAVEL_ENTERTAINMENT":"",
    "EVENT_COUNT":"3",
    "MEETING_COUNT":"163"
  },
  {
    "CLIENT_ID":"1053",
    "CLIENT_NAME":"client_1053",
    "LAST_TRADE_DATE":"02/01/2012 00:00:00",
    "TRADE_VOLUME":"93,810,046",
    "REVENUE":"269,816",
    "TRAVEL_ENTERTAINMENT":"",
    "EVENT_COUNT":"",
    "MEETING_COUNT":"4"
  },
  {
    "CLIENT_ID":"1054",
    "CLIENT_NAME":"client_1054",
    "LAST_TRADE_DATE":"02/01/2012 00:00:00",
    "TRADE_VOLUME":"21,642,025",
    "REVENUE":"725,598",
    "TRAVEL_ENTERTAINMENT":"",
    "EVENT_COUNT":"1",
    "MEETING_COUNT":"46"
  },
  {
    "CLIENT_ID":"1055",
    "CLIENT_NAME":"client_1055",
    "LAST_TRADE_DATE":"01/19/2012 00:00:00",
    "TRADE_VOLUME":"3,920,800",
    "REVENUE":"35,392",
    "TRAVEL_ENTERTAINMENT":"",
    "EVENT_COUNT":"",
    "MEETING_COUNT":""
  },
  {
    "CLIENT_ID":"1056",
    "CLIENT_NAME":"client_1056",
    "LAST_TRADE_DATE":"02/01/2012 00:00:00",
    "TRADE_VOLUME":"53,767,141",
    "REVENUE":"286,713",
    "TRAVEL_ENTERTAINMENT":"",
    "EVENT_COUNT":"",
    "MEETING_COUNT":"7"
  },
  {
    "CLIENT_ID":"1057",
    "CLIENT_NAME":"client_1057",
    "LAST_TRADE_DATE":"02/01/2012 00:00:00",
    "TRADE_VOLUME":"127,454,534",
    "REVENUE":"859,326",
    "TRAVEL_ENTERTAINMENT":"",
    "EVENT_COUNT":"4",
    "MEETING_COUNT":"180"
  },
  {
    "CLIENT_ID":"1058",
    "CLIENT_NAME":"client_1058",
    "LAST_TRADE_DATE":"01/30/2012 00:00:00",
    "TRADE_VOLUME":"3,752,790",
    "REVENUE":"115,434",
    "TRAVEL_ENTERTAINMENT":"",
    "EVENT_COUNT":"2",
    "MEETING_COUNT":"111"
  },
  {
    "CLIENT_ID":"1059",
    "CLIENT_NAME":"client_1059",
    "LAST_TRADE_DATE":"09/20/2011 00:00:00",
    "TRADE_VOLUME":"0",
    "REVENUE":"1,086",
    "TRAVEL_ENTERTAINMENT":"",
    "EVENT_COUNT":"",
    "MEETING_COUNT":""
  },
  {
    "CLIENT_ID":"106",
    "CLIENT_NAME":"client_106",
    "LAST_TRADE_DATE":"02/01/2012 00:00:00",
    "TRADE_VOLUME":"2,315,218",
    "REVENUE":"4,464",
    "TRAVEL_ENTERTAINMENT":"",
    "EVENT_COUNT":"",
    "MEETING_COUNT":""
  },
  {
    "CLIENT_ID":"1060",
    "CLIENT_NAME":"client_1060",
    "LAST_TRADE_DATE":"12/27/2011 00:00:00",
    "TRADE_VOLUME":"0",
    "REVENUE":"16,320",
    "TRAVEL_ENTERTAINMENT":"",
    "EVENT_COUNT":"",
    "MEETING_COUNT":""
  },
  {
    "CLIENT_ID":"1061",
    "CLIENT_NAME":"client_1061",
    "LAST_TRADE_DATE":"01/26/2012 00:00:00",
    "TRADE_VOLUME":"2,180,928",
    "REVENUE":"61,449",
    "TRAVEL_ENTERTAINMENT":"",
    "EVENT_COUNT":"",
    "MEETING_COUNT":"1"
  },
  {
    "CLIENT_ID":"1062",
    "CLIENT_NAME":"client_1062",
    "LAST_TRADE_DATE":"01/18/2012 00:00:00",
    "TRADE_VOLUME":"4,178,604",
    "REVENUE":"11,661",
    "TRAVEL_ENTERTAINMENT":"1166.09",
    "EVENT_COUNT":"",
    "MEETING_COUNT":"20"
  },
  {
    "CLIENT_ID":"1063",
    "CLIENT_NAME":"client_1063",
    "LAST_TRADE_DATE":"02/01/2012 00:00:00",
    "TRADE_VOLUME":"2,353,833,428",
    "REVENUE":"4,816,242",
    "TRAVEL_ENTERTAINMENT":"48162.42",
    "EVENT_COUNT":"42",
    "MEETING_COUNT":"2,094"
  },
  {
    "CLIENT_ID":"1064",
    "CLIENT_NAME":"client_1064",
    "LAST_TRADE_DATE":"02/01/2012 00:00:00",
    "TRADE_VOLUME":"878,459,230",
    "REVENUE":"2,085,915",
    "TRAVEL_ENTERTAINMENT":"",
    "EVENT_COUNT":"13",
    "MEETING_COUNT":"664"
  },
  {
    "CLIENT_ID":"1065",
    "CLIENT_NAME":"client_1065",
    "LAST_TRADE_DATE":"12/31/2011 00:00:00",
    "TRADE_VOLUME":"13,608",
    "REVENUE":"326,849",
    "TRAVEL_ENTERTAINMENT":"",
    "EVENT_COUNT":"",
    "MEETING_COUNT":""
  },
  {
    "CLIENT_ID":"1066",
    "CLIENT_NAME":"client_1066",
    "LAST_TRADE_DATE":"12/31/2011 00:00:00",
    "TRADE_VOLUME":"391,668",
    "REVENUE":"21,497",
    "TRAVEL_ENTERTAINMENT":"1074.86",
    "EVENT_COUNT":"",
    "MEETING_COUNT":"10"
  },
  {
    "CLIENT_ID":"1067",
    "CLIENT_NAME":"client_1067",
    "LAST_TRADE_DATE":"02/01/2012 00:00:00",
    "TRADE_VOLUME":"23,887,109",
    "REVENUE":"333,171",
    "TRAVEL_ENTERTAINMENT":"",
    "EVENT_COUNT":"2",
    "MEETING_COUNT":"117"
  },
  {
    "CLIENT_ID":"1068",
    "CLIENT_NAME":"client_1068",
    "LAST_TRADE_DATE":"02/01/2012 00:00:00",
    "TRADE_VOLUME":"14,340,500",
    "REVENUE":"650,579",
    "TRAVEL_ENTERTAINMENT":"",
    "EVENT_COUNT":"1",
    "MEETING_COUNT":"31"
  },
  {
    "CLIENT_ID":"1069",
    "CLIENT_NAME":"client_1069",
    "LAST_TRADE_DATE":"02/01/2012 00:00:00",
    "TRADE_VOLUME":"29,515,422",
    "REVENUE":"112,475",
    "TRAVEL_ENTERTAINMENT":"",
    "EVENT_COUNT":"",
    "MEETING_COUNT":"2"
  },
  {
    "CLIENT_ID":"107",
    "CLIENT_NAME":"client_107",
    "LAST_TRADE_DATE":"11/06/2011 00:00:00",
    "TRADE_VOLUME":"538,511",
    "REVENUE":"0",
    "TRAVEL_ENTERTAINMENT":"",
    "EVENT_COUNT":"",
    "MEETING_COUNT":""
  },
  {
    "CLIENT_ID":"1070",
    "CLIENT_NAME":"client_1070",
    "LAST_TRADE_DATE":"01/26/2012 00:00:00",
    "TRADE_VOLUME":"13,367,600",
    "REVENUE":"46,422",
    "TRAVEL_ENTERTAINMENT":"",
    "EVENT_COUNT":"",
    "MEETING_COUNT":""
  },
  {
    "CLIENT_ID":"1071",
    "CLIENT_NAME":"client_1071",
    "LAST_TRADE_DATE":"11/15/2011 00:00:00",
    "TRADE_VOLUME":"11,539,691",
    "REVENUE":"80,914",
    "TRAVEL_ENTERTAINMENT":"",
    "EVENT_COUNT":"",
    "MEETING_COUNT":"2"
  },
  {
    "CLIENT_ID":"1072",
    "CLIENT_NAME":"client_1072",
    "LAST_TRADE_DATE":"02/01/2012 00:00:00",
    "TRADE_VOLUME":"144,570,466",
    "REVENUE":"554,664",
    "TRAVEL_ENTERTAINMENT":"",
    "EVENT_COUNT":"1",
    "MEETING_COUNT":"44"
  },
  {
    "CLIENT_ID":"1073",
    "CLIENT_NAME":"client_1073",
    "LAST_TRADE_DATE":"01/30/2012 00:00:00",
    "TRADE_VOLUME":"2,389,610",
    "REVENUE":"41,843",
    "TRAVEL_ENTERTAINMENT":"",
    "EVENT_COUNT":"1",
    "MEETING_COUNT":"29"
  },
  {
    "CLIENT_ID":"1074",
    "CLIENT_NAME":"client_1074",
    "LAST_TRADE_DATE":"01/20/2012 00:00:00",
    "TRADE_VOLUME":"4,393,798",
    "REVENUE":"102,210",
    "TRAVEL_ENTERTAINMENT":"",
    "EVENT_COUNT":"",
    "MEETING_COUNT":"16"
  },
  {
    "CLIENT_ID":"1075",
    "CLIENT_NAME":"client_1075",
    "LAST_TRADE_DATE":"12/20/2011 00:00:00",
    "TRADE_VOLUME":"0",
    "REVENUE":"190,912",
    "TRAVEL_ENTERTAINMENT":"",
    "EVENT_COUNT":"",
    "MEETING_COUNT":""
  },
  {
    "CLIENT_ID":"1076",
    "CLIENT_NAME":"client_1076",
    "LAST_TRADE_DATE":"02/01/2012 00:00:00",
    "TRADE_VOLUME":"141,703,045",
    "REVENUE":"408,828",
    "TRAVEL_ENTERTAINMENT":"",
    "EVENT_COUNT":"",
    "MEETING_COUNT":"6"
  },
  {
    "CLIENT_ID":"1077",
    "CLIENT_NAME":"client_1077",
    "LAST_TRADE_DATE":"12/22/2011 00:00:00",
    "TRADE_VOLUME":"4,107,800",
    "REVENUE":"27,152",
    "TRAVEL_ENTERTAINMENT":"",
    "EVENT_COUNT":"",
    "MEETING_COUNT":"2"
  },
  {
    "CLIENT_ID":"1078",
    "CLIENT_NAME":"client_1078",
    "LAST_TRADE_DATE":"09/26/2011 00:00:00",
    "TRADE_VOLUME":"0",
    "REVENUE":"84,890",
    "TRAVEL_ENTERTAINMENT":"",
    "EVENT_COUNT":"",
    "MEETING_COUNT":""
  },
  {
    "CLIENT_ID":"1079",
    "CLIENT_NAME":"client_1079",
    "LAST_TRADE_DATE":"01/06/2012 00:00:00",
    "TRADE_VOLUME":"10,555,381",
    "REVENUE":"228,645",
    "TRAVEL_ENTERTAINMENT":"",
    "EVENT_COUNT":"1",
    "MEETING_COUNT":"28"
  },
  {
    "CLIENT_ID":"108",
    "CLIENT_NAME":"client_108",
    "LAST_TRADE_DATE":"12/31/2011 00:00:00",
    "TRADE_VOLUME":"1,143",
    "REVENUE":"86,361",
    "TRAVEL_ENTERTAINMENT":"",
    "EVENT_COUNT":"",
    "MEETING_COUNT":""
  },
  {
    "CLIENT_ID":"1080",
    "CLIENT_NAME":"client_1080",
    "LAST_TRADE_DATE":"12/08/2011 00:00:00",
    "TRADE_VOLUME":"3,722,089",
    "REVENUE":"9,052",
    "TRAVEL_ENTERTAINMENT":"45.26",
    "EVENT_COUNT":"",
    "MEETING_COUNT":"1"
  },
  {
    "CLIENT_ID":"1081",
    "CLIENT_NAME":"client_1081",
    "LAST_TRADE_DATE":"09/01/2011 00:00:00",
    "TRADE_VOLUME":"100,000",
    "REVENUE":"250",
    "TRAVEL_ENTERTAINMENT":"",
    "EVENT_COUNT":"",
    "MEETING_COUNT":""
  },
  {
    "CLIENT_ID":"1082",
    "CLIENT_NAME":"client_1082",
    "LAST_TRADE_DATE":"02/01/2012 00:00:00",
    "TRADE_VOLUME":"21,169,448",
    "REVENUE":"134,828",
    "TRAVEL_ENTERTAINMENT":"",
    "EVENT_COUNT":"3",
    "MEETING_COUNT":"149"
  },
  {
    "CLIENT_ID":"1083",
    "CLIENT_NAME":"client_1083",
    "LAST_TRADE_DATE":"01/19/2012 00:00:00",
    "TRADE_VOLUME":"302,281",
    "REVENUE":"7,261",
    "TRAVEL_ENTERTAINMENT":"",
    "EVENT_COUNT":"",
    "MEETING_COUNT":""
  },
  {
    "CLIENT_ID":"1084",
    "CLIENT_NAME":"client_1084",
    "LAST_TRADE_DATE":"02/01/2012 00:00:00",
    "TRADE_VOLUME":"434,304,977",
    "REVENUE":"3,463,041",
    "TRAVEL_ENTERTAINMENT":"34630.41",
    "EVENT_COUNT":"14",
    "MEETING_COUNT":"688"
  },
  {
    "CLIENT_ID":"1085",
    "CLIENT_NAME":"client_1085",
    "LAST_TRADE_DATE":"12/07/2011 00:00:00",
    "TRADE_VOLUME":"2,962",
    "REVENUE":"1,992",
    "TRAVEL_ENTERTAINMENT":"",
    "EVENT_COUNT":"",
    "MEETING_COUNT":""
  },
  {
    "CLIENT_ID":"1086",
    "CLIENT_NAME":"client_1086",
    "LAST_TRADE_DATE":"02/01/2012 00:00:00",
    "TRADE_VOLUME":"314,958,625",
    "REVENUE":"6,941,699",
    "TRAVEL_ENTERTAINMENT":"69416.99",
    "EVENT_COUNT":"2",
    "MEETING_COUNT":"118"
  },
  {
    "CLIENT_ID":"1087",
    "CLIENT_NAME":"client_1087",
    "LAST_TRADE_DATE":"01/25/2012 00:00:00",
    "TRADE_VOLUME":"109,884,000",
    "REVENUE":"274,917",
    "TRAVEL_ENTERTAINMENT":"",
    "EVENT_COUNT":"",
    "MEETING_COUNT":"1"
  },
  {
    "CLIENT_ID":"1088",
    "CLIENT_NAME":"client_1088",
    "LAST_TRADE_DATE":"01/17/2012 00:00:00",
    "TRADE_VOLUME":"4,575,200",
    "REVENUE":"57,858",
    "TRAVEL_ENTERTAINMENT":"",
    "EVENT_COUNT":"",
    "MEETING_COUNT":"1"
  },
  {
    "CLIENT_ID":"1089",
    "CLIENT_NAME":"client_1089",
    "LAST_TRADE_DATE":"01/18/2012 00:00:00",
    "TRADE_VOLUME":"8,886,060",
    "REVENUE":"44,307",
    "TRAVEL_ENTERTAINMENT":"",
    "EVENT_COUNT":"4",
    "MEETING_COUNT":"218"
  },
  {
    "CLIENT_ID":"109",
    "CLIENT_NAME":"client_109",
    "LAST_TRADE_DATE":"08/17/2011 00:00:00",
    "TRADE_VOLUME":"5,750",
    "REVENUE":"2,772",
    "TRAVEL_ENTERTAINMENT":"",
    "EVENT_COUNT":"",
    "MEETING_COUNT":""
  },
  {
    "CLIENT_ID":"11",
    "CLIENT_NAME":"client_11",
    "LAST_TRADE_DATE":"01/02/2012 00:00:00",
    "TRADE_VOLUME":"0",
    "REVENUE":"333,100",
    "TRAVEL_ENTERTAINMENT":"",
    "EVENT_COUNT":"",
    "MEETING_COUNT":""
  },
  {
    "CLIENT_ID":"110",
    "CLIENT_NAME":"client_110",
    "LAST_TRADE_DATE":"12/21/2011 00:00:00",
    "TRADE_VOLUME":"3,443,183",
    "REVENUE":"40,350",
    "TRAVEL_ENTERTAINMENT":"",
    "EVENT_COUNT":"",
    "MEETING_COUNT":"2"
  },
  {
    "CLIENT_ID":"111",
    "CLIENT_NAME":"client_111",
    "LAST_TRADE_DATE":"10/17/2011 00:00:00",
    "TRADE_VOLUME":"6,390",
    "REVENUE":"2,580",
    "TRAVEL_ENTERTAINMENT":"",
    "EVENT_COUNT":"",
    "MEETING_COUNT":""
  },
  {
    "CLIENT_ID":"112",
    "CLIENT_NAME":"client_112",
    "LAST_TRADE_DATE":"01/30/2012 00:00:00",
    "TRADE_VOLUME":"108,989",
    "REVENUE":"290,924",
    "TRAVEL_ENTERTAINMENT":"",
    "EVENT_COUNT":"",
    "MEETING_COUNT":""
  },
  {
    "CLIENT_ID":"113",
    "CLIENT_NAME":"client_113",
    "LAST_TRADE_DATE":"01/30/2012 00:00:00",
    "TRADE_VOLUME":"96,936",
    "REVENUE":"247,588",
    "TRAVEL_ENTERTAINMENT":"",
    "EVENT_COUNT":"",
    "MEETING_COUNT":""
  },
  {
    "CLIENT_ID":"114",
    "CLIENT_NAME":"client_114",
    "LAST_TRADE_DATE":"01/25/2012 00:00:00",
    "TRADE_VOLUME":"3,391",
    "REVENUE":"6,460",
    "TRAVEL_ENTERTAINMENT":"",
    "EVENT_COUNT":"",
    "MEETING_COUNT":""
  },
  {
    "CLIENT_ID":"115",
    "CLIENT_NAME":"client_115",
    "LAST_TRADE_DATE":"01/30/2012 00:00:00",
    "TRADE_VOLUME":"56,231",
    "REVENUE":"131,174",
    "TRAVEL_ENTERTAINMENT":"",
    "EVENT_COUNT":"",
    "MEETING_COUNT":"6"
  },
  {
    "CLIENT_ID":"116",
    "CLIENT_NAME":"client_116",
    "LAST_TRADE_DATE":"01/25/2012 00:00:00",
    "TRADE_VOLUME":"13,638",
    "REVENUE":"36,729",
    "TRAVEL_ENTERTAINMENT":"",
    "EVENT_COUNT":"",
    "MEETING_COUNT":""
  },
  {
    "CLIENT_ID":"117",
    "CLIENT_NAME":"client_117",
    "LAST_TRADE_DATE":"02/01/2012 00:00:00",
    "TRADE_VOLUME":"23,583,722",
    "REVENUE":"379,466",
    "TRAVEL_ENTERTAINMENT":"",
    "EVENT_COUNT":"1",
    "MEETING_COUNT":"53"
  },
  {
    "CLIENT_ID":"118",
    "CLIENT_NAME":"client_118",
    "LAST_TRADE_DATE":"02/01/2012 00:00:00",
    "TRADE_VOLUME":"9,170,823,088",
    "REVENUE":"730,998",
    "TRAVEL_ENTERTAINMENT":"",
    "EVENT_COUNT":"7",
    "MEETING_COUNT":"357"
  },
  {
    "CLIENT_ID":"119",
    "CLIENT_NAME":"client_119",
    "LAST_TRADE_DATE":"02/24/2011 00:00:00",
    "TRADE_VOLUME":"0",
    "REVENUE":"9,216",
    "TRAVEL_ENTERTAINMENT":"",
    "EVENT_COUNT":"",
    "MEETING_COUNT":""
  },
  {
    "CLIENT_ID":"12",
    "CLIENT_NAME":"client_12",
    "LAST_TRADE_DATE":"01/20/2012 00:00:00",
    "TRADE_VOLUME":"164,206,034",
    "REVENUE":"143,999",
    "TRAVEL_ENTERTAINMENT":"",
    "EVENT_COUNT":"",
    "MEETING_COUNT":""
  },
  {
    "CLIENT_ID":"120",
    "CLIENT_NAME":"client_120",
    "LAST_TRADE_DATE":"02/01/2012 00:00:00",
    "TRADE_VOLUME":"64,371,564",
    "REVENUE":"70,851",
    "TRAVEL_ENTERTAINMENT":"",
    "EVENT_COUNT":"",
    "MEETING_COUNT":""
  },
  {
    "CLIENT_ID":"121",
    "CLIENT_NAME":"client_121",
    "LAST_TRADE_DATE":"02/01/2012 00:00:00",
    "TRADE_VOLUME":"4,094,926",
    "REVENUE":"676,625",
    "TRAVEL_ENTERTAINMENT":"",
    "EVENT_COUNT":"",
    "MEETING_COUNT":""
  },
  {
    "CLIENT_ID":"122",
    "CLIENT_NAME":"client_122",
    "LAST_TRADE_DATE":"12/01/2011 00:00:00",
    "TRADE_VOLUME":"0",
    "REVENUE":"1,011",
    "TRAVEL_ENTERTAINMENT":"",
    "EVENT_COUNT":"",
    "MEETING_COUNT":""
  },
  {
    "CLIENT_ID":"123",
    "CLIENT_NAME":"client_123",
    "LAST_TRADE_DATE":"11/04/2011 00:00:00",
    "TRADE_VOLUME":"2,286,977",
    "REVENUE":"3,403",
    "TRAVEL_ENTERTAINMENT":"",
    "EVENT_COUNT":"",
    "MEETING_COUNT":""
  },
  {
    "CLIENT_ID":"124",
    "CLIENT_NAME":"client_124",
    "LAST_TRADE_DATE":"01/30/2012 00:00:00",
    "TRADE_VOLUME":"2,649,069",
    "REVENUE":"1,472,440",
    "TRAVEL_ENTERTAINMENT":"",
    "EVENT_COUNT":"",
    "MEETING_COUNT":"5"
  },
  {
    "CLIENT_ID":"125",
    "CLIENT_NAME":"client_125",
    "LAST_TRADE_DATE":"02/01/2012 00:00:00",
    "TRADE_VOLUME":"15,140,403",
    "REVENUE":"175,689",
    "TRAVEL_ENTERTAINMENT":"",
    "EVENT_COUNT":"",
    "MEETING_COUNT":""
  },
  {
    "CLIENT_ID":"126",
    "CLIENT_NAME":"client_126",
    "LAST_TRADE_DATE":"02/01/2012 00:00:00",
    "TRADE_VOLUME":"255,618,584",
    "REVENUE":"1,168,935",
    "TRAVEL_ENTERTAINMENT":"",
    "EVENT_COUNT":"11",
    "MEETING_COUNT":"551"
  },
  {
    "CLIENT_ID":"127",
    "CLIENT_NAME":"client_127",
    "LAST_TRADE_DATE":"09/28/2011 00:00:00",
    "TRADE_VOLUME":"290,000",
    "REVENUE":"2,939",
    "TRAVEL_ENTERTAINMENT":"58.78",
    "EVENT_COUNT":"",
    "MEETING_COUNT":"4"
  },
  {
    "CLIENT_ID":"128",
    "CLIENT_NAME":"client_128",
    "LAST_TRADE_DATE":"09/18/2011 00:00:00",
    "TRADE_VOLUME":"0",
    "REVENUE":"500,000",
    "TRAVEL_ENTERTAINMENT":"",
    "EVENT_COUNT":"",
    "MEETING_COUNT":""
  },
  {
    "CLIENT_ID":"129",
    "CLIENT_NAME":"client_129",
    "LAST_TRADE_DATE":"10/26/2011 00:00:00",
    "TRADE_VOLUME":"0",
    "REVENUE":"13,235",
    "TRAVEL_ENTERTAINMENT":"3970.50",
    "EVENT_COUNT":"1",
    "MEETING_COUNT":"60"
  },
  {
    "CLIENT_ID":"13",
    "CLIENT_NAME":"client_13",
    "LAST_TRADE_DATE":"06/25/2010 00:00:00",
    "TRADE_VOLUME":"0",
    "REVENUE":"3,140,502",
    "TRAVEL_ENTERTAINMENT":"",
    "EVENT_COUNT":"",
    "MEETING_COUNT":""
  },
  {
    "CLIENT_ID":"130",
    "CLIENT_NAME":"client_130",
    "LAST_TRADE_DATE":"01/26/2012 00:00:00",
    "TRADE_VOLUME":"128,917",
    "REVENUE":"4,461",
    "TRAVEL_ENTERTAINMENT":"",
    "EVENT_COUNT":"",
    "MEETING_COUNT":""
  },
  {
    "CLIENT_ID":"131",
    "CLIENT_NAME":"client_131",
    "LAST_TRADE_DATE":"11/25/2011 00:00:00",
    "TRADE_VOLUME":"229,772,500",
    "REVENUE":"1,234,186",
    "TRAVEL_ENTERTAINMENT":"",
    "EVENT_COUNT":"",
    "MEETING_COUNT":""
  },
  {
    "CLIENT_ID":"132",
    "CLIENT_NAME":"client_132",
    "LAST_TRADE_DATE":"10/11/2011 00:00:00",
    "TRADE_VOLUME":"35,051,300",
    "REVENUE":"0",
    "TRAVEL_ENTERTAINMENT":"",
    "EVENT_COUNT":"",
    "MEETING_COUNT":""
  },
  {
    "CLIENT_ID":"133",
    "CLIENT_NAME":"client_133",
    "LAST_TRADE_DATE":"02/01/2012 00:00:00",
    "TRADE_VOLUME":"23,330,386",
    "REVENUE":"54,428",
    "TRAVEL_ENTERTAINMENT":"",
    "EVENT_COUNT":"1",
    "MEETING_COUNT":"27"
  },
  {
    "CLIENT_ID":"134",
    "CLIENT_NAME":"client_134",
    "LAST_TRADE_DATE":"02/01/2012 00:00:00",
    "TRADE_VOLUME":"1,735,018",
    "REVENUE":"22,358",
    "TRAVEL_ENTERTAINMENT":"",
    "EVENT_COUNT":"",
    "MEETING_COUNT":""
  },
  {
    "CLIENT_ID":"135",
    "CLIENT_NAME":"client_135",
    "LAST_TRADE_DATE":"02/01/2012 00:00:00",
    "TRADE_VOLUME":"1,252,720,728",
    "REVENUE":"1,165,107",
    "TRAVEL_ENTERTAINMENT":"",
    "EVENT_COUNT":"12",
    "MEETING_COUNT":"591"
  },
  {
    "CLIENT_ID":"136",
    "CLIENT_NAME":"client_136",
    "LAST_TRADE_DATE":"01/26/2012 00:00:00",
    "TRADE_VOLUME":"565,285",
    "REVENUE":"17,493",
    "TRAVEL_ENTERTAINMENT":"524.78",
    "EVENT_COUNT":"",
    "MEETING_COUNT":"6"
  },
  {
    "CLIENT_ID":"137",
    "CLIENT_NAME":"client_137",
    "LAST_TRADE_DATE":"02/01/2012 00:00:00",
    "TRADE_VOLUME":"10,271,186",
    "REVENUE":"57,503",
    "TRAVEL_ENTERTAINMENT":"",
    "EVENT_COUNT":"",
    "MEETING_COUNT":""
  },
  {
    "CLIENT_ID":"138",
    "CLIENT_NAME":"client_138",
    "LAST_TRADE_DATE":"02/01/2012 00:00:00",
    "TRADE_VOLUME":"32,884,440",
    "REVENUE":"128,752",
    "TRAVEL_ENTERTAINMENT":"",
    "EVENT_COUNT":"",
    "MEETING_COUNT":""
  },
  {
    "CLIENT_ID":"139",
    "CLIENT_NAME":"client_139",
    "LAST_TRADE_DATE":"08/02/2011 00:00:00",
    "TRADE_VOLUME":"30,000",
    "REVENUE":"1,500",
    "TRAVEL_ENTERTAINMENT":"",
    "EVENT_COUNT":"",
    "MEETING_COUNT":""
  },
  {
    "CLIENT_ID":"14",
    "CLIENT_NAME":"client_14",
    "LAST_TRADE_DATE":"01/18/2012 00:00:00",
    "TRADE_VOLUME":"9,483,500",
    "REVENUE":"11,728",
    "TRAVEL_ENTERTAINMENT":"2638.75",
    "EVENT_COUNT":"1",
    "MEETING_COUNT":"45"
  },
  {
    "CLIENT_ID":"140",
    "CLIENT_NAME":"client_140",
    "LAST_TRADE_DATE":"02/01/2012 00:00:00",
    "TRADE_VOLUME":"36,287",
    "REVENUE":"13,290",
    "TRAVEL_ENTERTAINMENT":"",
    "EVENT_COUNT":"",
    "MEETING_COUNT":""
  },
  {
    "CLIENT_ID":"141",
    "CLIENT_NAME":"client_141",
    "LAST_TRADE_DATE":"01/26/2012 00:00:00",
    "TRADE_VOLUME":"4,686,161",
    "REVENUE":"21,507",
    "TRAVEL_ENTERTAINMENT":"",
    "EVENT_COUNT":"",
    "MEETING_COUNT":""
  },
  {
    "CLIENT_ID":"142",
    "CLIENT_NAME":"client_142",
    "LAST_TRADE_DATE":"01/31/2012 00:00:00",
    "TRADE_VOLUME":"2,417,573",
    "REVENUE":"80,134",
    "TRAVEL_ENTERTAINMENT":"",
    "EVENT_COUNT":"1",
    "MEETING_COUNT":"44"
  },
  {
    "CLIENT_ID":"143",
    "CLIENT_NAME":"client_143",
    "LAST_TRADE_DATE":"10/31/2011 00:00:00",
    "TRADE_VOLUME":"638,047,500",
    "REVENUE":"43,105",
    "TRAVEL_ENTERTAINMENT":"",
    "EVENT_COUNT":"",
    "MEETING_COUNT":""
  },
  {
    "CLIENT_ID":"144",
    "CLIENT_NAME":"client_144",
    "LAST_TRADE_DATE":"01/23/2012 00:00:00",
    "TRADE_VOLUME":"937,050",
    "REVENUE":"12,345",
    "TRAVEL_ENTERTAINMENT":"",
    "EVENT_COUNT":"",
    "MEETING_COUNT":""
  },
  {
    "CLIENT_ID":"145",
    "CLIENT_NAME":"client_145",
    "LAST_TRADE_DATE":"01/30/2012 00:00:00",
    "TRADE_VOLUME":"547,972",
    "REVENUE":"1,867,968",
    "TRAVEL_ENTERTAINMENT":"",
    "EVENT_COUNT":"",
    "MEETING_COUNT":"8"
  },
  {
    "CLIENT_ID":"146",
    "CLIENT_NAME":"client_146",
    "LAST_TRADE_DATE":"01/26/2012 00:00:00",
    "TRADE_VOLUME":"0",
    "REVENUE":"765,187",
    "TRAVEL_ENTERTAINMENT":"",
    "EVENT_COUNT":"",
    "MEETING_COUNT":""
  },
  {
    "CLIENT_ID":"147",
    "CLIENT_NAME":"client_147",
    "LAST_TRADE_DATE":"11/09/2011 00:00:00",
    "TRADE_VOLUME":"22,123",
    "REVENUE":"39",
    "TRAVEL_ENTERTAINMENT":"",
    "EVENT_COUNT":"",
    "MEETING_COUNT":"5"
  },
  {
    "CLIENT_ID":"148",
    "CLIENT_NAME":"client_148",
    "LAST_TRADE_DATE":"10/20/2011 00:00:00",
    "TRADE_VOLUME":"4,086,700",
    "REVENUE":"10,259",
    "TRAVEL_ENTERTAINMENT":"",
    "EVENT_COUNT":"",
    "MEETING_COUNT":""
  },
  {
    "CLIENT_ID":"149",
    "CLIENT_NAME":"client_149",
    "LAST_TRADE_DATE":"02/01/2012 00:00:00",
    "TRADE_VOLUME":"35,676,500",
    "REVENUE":"42,952",
    "TRAVEL_ENTERTAINMENT":"",
    "EVENT_COUNT":"",
    "MEETING_COUNT":""
  },
  {
    "CLIENT_ID":"15",
    "CLIENT_NAME":"client_15",
    "LAST_TRADE_DATE":"11/21/2011 00:00:00",
    "TRADE_VOLUME":"150,000,000",
    "REVENUE":"4,878",
    "TRAVEL_ENTERTAINMENT":"",
    "EVENT_COUNT":"",
    "MEETING_COUNT":""
  },
  {
    "CLIENT_ID":"150",
    "CLIENT_NAME":"client_150",
    "LAST_TRADE_DATE":"01/18/2012 00:00:00",
    "TRADE_VOLUME":"0",
    "REVENUE":"48,158",
    "TRAVEL_ENTERTAINMENT":"",
    "EVENT_COUNT":"",
    "MEETING_COUNT":""
  },
  {
    "CLIENT_ID":"151",
    "CLIENT_NAME":"client_151",
    "LAST_TRADE_DATE":"02/01/2012 00:00:00",
    "TRADE_VOLUME":"1,846,400",
    "REVENUE":"35,168",
    "TRAVEL_ENTERTAINMENT":"",
    "EVENT_COUNT":"",
    "MEETING_COUNT":""
  },
  {
    "CLIENT_ID":"152",
    "CLIENT_NAME":"client_152",
    "LAST_TRADE_DATE":"12/06/2011 00:00:00",
    "TRADE_VOLUME":"16,800",
    "REVENUE":"504",
    "TRAVEL_ENTERTAINMENT":"",
    "EVENT_COUNT":"",
    "MEETING_COUNT":""
  },
  {
    "CLIENT_ID":"153",
    "CLIENT_NAME":"client_153",
    "LAST_TRADE_DATE":"01/11/2012 00:00:00",
    "TRADE_VOLUME":"542,653",
    "REVENUE":"39,665",
    "TRAVEL_ENTERTAINMENT":"",
    "EVENT_COUNT":"",
    "MEETING_COUNT":""
  },
  {
    "CLIENT_ID":"154",
    "CLIENT_NAME":"client_154",
    "LAST_TRADE_DATE":"01/30/2012 00:00:00",
    "TRADE_VOLUME":"100,717",
    "REVENUE":"136,616",
    "TRAVEL_ENTERTAINMENT":"",
    "EVENT_COUNT":"",
    "MEETING_COUNT":""
  },
  {
    "CLIENT_ID":"155",
    "CLIENT_NAME":"client_155",
    "LAST_TRADE_DATE":"08/05/2011 00:00:00",
    "TRADE_VOLUME":"11",
    "REVENUE":"6",
    "TRAVEL_ENTERTAINMENT":"",
    "EVENT_COUNT":"",
    "MEETING_COUNT":""
  },
  {
    "CLIENT_ID":"156",
    "CLIENT_NAME":"client_156",
    "LAST_TRADE_DATE":"01/27/2012 00:00:00",
    "TRADE_VOLUME":"607",
    "REVENUE":"73,566",
    "TRAVEL_ENTERTAINMENT":"",
    "EVENT_COUNT":"",
    "MEETING_COUNT":""
  },
  {
    "CLIENT_ID":"157",
    "CLIENT_NAME":"client_157",
    "LAST_TRADE_DATE":"01/30/2012 00:00:00",
    "TRADE_VOLUME":"39,352",
    "REVENUE":"139,451",
    "TRAVEL_ENTERTAINMENT":"",
    "EVENT_COUNT":"",
    "MEETING_COUNT":""
  },
  {
    "CLIENT_ID":"158",
    "CLIENT_NAME":"client_158",
    "LAST_TRADE_DATE":"01/30/2012 00:00:00",
    "TRADE_VOLUME":"88,802",
    "REVENUE":"223,328",
    "TRAVEL_ENTERTAINMENT":"",
    "EVENT_COUNT":"",
    "MEETING_COUNT":""
  },
  {
    "CLIENT_ID":"159",
    "CLIENT_NAME":"client_159",
    "LAST_TRADE_DATE":"01/30/2012 00:00:00",
    "TRADE_VOLUME":"7,908",
    "REVENUE":"713,997",
    "TRAVEL_ENTERTAINMENT":"",
    "EVENT_COUNT":"",
    "MEETING_COUNT":""
  },
  {
    "CLIENT_ID":"16",
    "CLIENT_NAME":"client_16",
    "LAST_TRADE_DATE":"01/20/2012 00:00:00",
    "TRADE_VOLUME":"7,845",
    "REVENUE":"845",
    "TRAVEL_ENTERTAINMENT":"",
    "EVENT_COUNT":"",
    "MEETING_COUNT":""
  },
  {
    "CLIENT_ID":"160",
    "CLIENT_NAME":"client_160",
    "LAST_TRADE_DATE":"09/27/2011 00:00:00",
    "TRADE_VOLUME":"7,104",
    "REVENUE":"21,837",
    "TRAVEL_ENTERTAINMENT":"",
    "EVENT_COUNT":"",
    "MEETING_COUNT":""
  },
  {
    "CLIENT_ID":"161",
    "CLIENT_NAME":"client_161",
    "LAST_TRADE_DATE":"01/30/2012 00:00:00",
    "TRADE_VOLUME":"9,574",
    "REVENUE":"695,735",
    "TRAVEL_ENTERTAINMENT":"",
    "EVENT_COUNT":"",
    "MEETING_COUNT":""
  },
  {
    "CLIENT_ID":"162",
    "CLIENT_NAME":"client_162",
    "LAST_TRADE_DATE":"12/31/2011 00:00:00",
    "TRADE_VOLUME":"437",
    "REVENUE":"4,847",
    "TRAVEL_ENTERTAINMENT":"",
    "EVENT_COUNT":"",
    "MEETING_COUNT":""
  },
  {
    "CLIENT_ID":"163",
    "CLIENT_NAME":"client_163",
    "LAST_TRADE_DATE":"01/30/2012 00:00:00",
    "TRADE_VOLUME":"15,124",
    "REVENUE":"40,538",
    "TRAVEL_ENTERTAINMENT":"",
    "EVENT_COUNT":"",
    "MEETING_COUNT":""
  },
  {
    "CLIENT_ID":"164",
    "CLIENT_NAME":"client_164",
    "LAST_TRADE_DATE":"02/01/2012 00:00:00",
    "TRADE_VOLUME":"374,624",
    "REVENUE":"63,141",
    "TRAVEL_ENTERTAINMENT":"",
    "EVENT_COUNT":"",
    "MEETING_COUNT":""
  },
  {
    "CLIENT_ID":"165",
    "CLIENT_NAME":"client_165",
    "LAST_TRADE_DATE":"01/27/2012 00:00:00",
    "TRADE_VOLUME":"2,142",
    "REVENUE":"197,486",
    "TRAVEL_ENTERTAINMENT":"",
    "EVENT_COUNT":"",
    "MEETING_COUNT":""
  },
  {
    "CLIENT_ID":"166",
    "CLIENT_NAME":"client_166",
    "LAST_TRADE_DATE":"01/30/2012 00:00:00",
    "TRADE_VOLUME":"64,076",
    "REVENUE":"154,806",
    "TRAVEL_ENTERTAINMENT":"",
    "EVENT_COUNT":"",
    "MEETING_COUNT":""
  },
  {
    "CLIENT_ID":"167",
    "CLIENT_NAME":"client_167",
    "LAST_TRADE_DATE":"10/21/2011 00:00:00",
    "TRADE_VOLUME":"2,075,870",
    "REVENUE":"21,261",
    "TRAVEL_ENTERTAINMENT":"1275.65",
    "EVENT_COUNT":"",
    "MEETING_COUNT":"12"
  },
  {
    "CLIENT_ID":"168",
    "CLIENT_NAME":"client_168",
    "LAST_TRADE_DATE":"02/01/2012 00:00:00",
    "TRADE_VOLUME":"30,663,311",
    "REVENUE":"162,917",
    "TRAVEL_ENTERTAINMENT":"",
    "EVENT_COUNT":"",
    "MEETING_COUNT":""
  },
  {
    "CLIENT_ID":"169",
    "CLIENT_NAME":"client_169",
    "LAST_TRADE_DATE":"02/01/2012 00:00:00",
    "TRADE_VOLUME":"1,329,670",
    "REVENUE":"19,644",
    "TRAVEL_ENTERTAINMENT":"",
    "EVENT_COUNT":"",
    "MEETING_COUNT":""
  },
  {
    "CLIENT_ID":"17",
    "CLIENT_NAME":"client_17",
    "LAST_TRADE_DATE":"01/17/2012 00:00:00",
    "TRADE_VOLUME":"135,500,000",
    "REVENUE":"24,243",
    "TRAVEL_ENTERTAINMENT":"242.43",
    "EVENT_COUNT":"",
    "MEETING_COUNT":"2"
  },
  {
    "CLIENT_ID":"170",
    "CLIENT_NAME":"client_170",
    "LAST_TRADE_DATE":"01/27/2012 00:00:00",
    "TRADE_VOLUME":"1,230,392",
    "REVENUE":"12,957",
    "TRAVEL_ENTERTAINMENT":"647.83",
    "EVENT_COUNT":"",
    "MEETING_COUNT":"10"
  },
  {
    "CLIENT_ID":"171",
    "CLIENT_NAME":"client_171",
    "LAST_TRADE_DATE":"01/31/2012 00:00:00",
    "TRADE_VOLUME":"1,269,651",
    "REVENUE":"19,638",
    "TRAVEL_ENTERTAINMENT":"",
    "EVENT_COUNT":"",
    "MEETING_COUNT":""
  },
  {
    "CLIENT_ID":"172",
    "CLIENT_NAME":"client_172",
    "LAST_TRADE_DATE":"01/12/2012 00:00:00",
    "TRADE_VOLUME":"5,127,976",
    "REVENUE":"43,767",
    "TRAVEL_ENTERTAINMENT":"",
    "EVENT_COUNT":"1",
    "MEETING_COUNT":"27"
  },
  {
    "CLIENT_ID":"173",
    "CLIENT_NAME":"client_173",
    "LAST_TRADE_DATE":"01/18/2012 00:00:00",
    "TRADE_VOLUME":"113,854",
    "REVENUE":"296,767",
    "TRAVEL_ENTERTAINMENT":"",
    "EVENT_COUNT":"",
    "MEETING_COUNT":""
  },
  {
    "CLIENT_ID":"174",
    "CLIENT_NAME":"client_174",
    "LAST_TRADE_DATE":"09/16/2011 00:00:00",
    "TRADE_VOLUME":"1,938,342,972",
    "REVENUE":"952,526",
    "TRAVEL_ENTERTAINMENT":"",
    "EVENT_COUNT":"",
    "MEETING_COUNT":""
  },
  {
    "CLIENT_ID":"175",
    "CLIENT_NAME":"client_175",
    "LAST_TRADE_DATE":"12/31/2011 00:00:00",
    "TRADE_VOLUME":"0",
    "REVENUE":"20,872",
    "TRAVEL_ENTERTAINMENT":"",
    "EVENT_COUNT":"",
    "MEETING_COUNT":""
  },
  {
    "CLIENT_ID":"176",
    "CLIENT_NAME":"client_176",
    "LAST_TRADE_DATE":"12/31/2011 00:00:00",
    "TRADE_VOLUME":"0",
    "REVENUE":"178,362",
    "TRAVEL_ENTERTAINMENT":"",
    "EVENT_COUNT":"",
    "MEETING_COUNT":"1"
  },
  {
    "CLIENT_ID":"177",
    "CLIENT_NAME":"client_177",
    "LAST_TRADE_DATE":"09/26/2011 00:00:00",
    "TRADE_VOLUME":"34,200",
    "REVENUE":"262",
    "TRAVEL_ENTERTAINMENT":"",
    "EVENT_COUNT":"",
    "MEETING_COUNT":""
  },
  {
    "CLIENT_ID":"178",
    "CLIENT_NAME":"client_178",
    "LAST_TRADE_DATE":"01/20/2012 00:00:00",
    "TRADE_VOLUME":"0",
    "REVENUE":"65",
    "TRAVEL_ENTERTAINMENT":"",
    "EVENT_COUNT":"",
    "MEETING_COUNT":""
  },
  {
    "CLIENT_ID":"179",
    "CLIENT_NAME":"client_179",
    "LAST_TRADE_DATE":"01/24/2012 00:00:00",
    "TRADE_VOLUME":"1,287,200",
    "REVENUE":"12,945",
    "TRAVEL_ENTERTAINMENT":"388.34",
    "EVENT_COUNT":"",
    "MEETING_COUNT":"6"
  },
  {
    "CLIENT_ID":"18",
    "CLIENT_NAME":"client_18",
    "LAST_TRADE_DATE":"12/31/2011 00:00:00",
    "TRADE_VOLUME":"101,565",
    "REVENUE":"782,792",
    "TRAVEL_ENTERTAINMENT":"",
    "EVENT_COUNT":"",
    "MEETING_COUNT":""
  },
  {
    "CLIENT_ID":"180",
    "CLIENT_NAME":"client_180",
    "LAST_TRADE_DATE":"09/06/2011 00:00:00",
    "TRADE_VOLUME":"21,500,000",
    "REVENUE":"7,000",
    "TRAVEL_ENTERTAINMENT":"",
    "EVENT_COUNT":"",
    "MEETING_COUNT":""
  },
  {
    "CLIENT_ID":"181",
    "CLIENT_NAME":"client_181",
    "LAST_TRADE_DATE":"12/29/2011 00:00:00",
    "TRADE_VOLUME":"552,871",
    "REVENUE":"17,645",
    "TRAVEL_ENTERTAINMENT":"",
    "EVENT_COUNT":"",
    "MEETING_COUNT":""
  },
  {
    "CLIENT_ID":"182",
    "CLIENT_NAME":"client_182",
    "LAST_TRADE_DATE":"02/01/2012 00:00:00",
    "TRADE_VOLUME":"31,386,000",
    "REVENUE":"120,633",
    "TRAVEL_ENTERTAINMENT":"",
    "EVENT_COUNT":"",
    "MEETING_COUNT":""
  },
  {
    "CLIENT_ID":"183",
    "CLIENT_NAME":"client_183",
    "LAST_TRADE_DATE":"11/01/2011 00:00:00",
    "TRADE_VOLUME":"173,700",
    "REVENUE":"6,948",
    "TRAVEL_ENTERTAINMENT":"868.50",
    "EVENT_COUNT":"1",
    "MEETING_COUNT":"25"
  },
  {
    "CLIENT_ID":"184",
    "CLIENT_NAME":"client_184",
    "LAST_TRADE_DATE":"02/01/2012 00:00:00",
    "TRADE_VOLUME":"24,944,724",
    "REVENUE":"7,443",
    "TRAVEL_ENTERTAINMENT":"",
    "EVENT_COUNT":"",
    "MEETING_COUNT":""
  },
  {
    "CLIENT_ID":"185",
    "CLIENT_NAME":"client_185",
    "LAST_TRADE_DATE":"02/01/2012 00:00:00",
    "TRADE_VOLUME":"7,882,754",
    "REVENUE":"146,145",
    "TRAVEL_ENTERTAINMENT":"",
    "EVENT_COUNT":"2",
    "MEETING_COUNT":"108"
  },
  {
    "CLIENT_ID":"186",
    "CLIENT_NAME":"client_186",
    "LAST_TRADE_DATE":"01/30/2012 00:00:00",
    "TRADE_VOLUME":"21,387,745",
    "REVENUE":"87,023",
    "TRAVEL_ENTERTAINMENT":"",
    "EVENT_COUNT":"1",
    "MEETING_COUNT":"47"
  },
  {
    "CLIENT_ID":"187",
    "CLIENT_NAME":"client_187",
    "LAST_TRADE_DATE":"01/31/2012 00:00:00",
    "TRADE_VOLUME":"50,185,752",
    "REVENUE":"320,614",
    "TRAVEL_ENTERTAINMENT":"",
    "EVENT_COUNT":"",
    "MEETING_COUNT":"7"
  },
  {
    "CLIENT_ID":"188",
    "CLIENT_NAME":"client_188",
    "LAST_TRADE_DATE":"02/01/2012 00:00:00",
    "TRADE_VOLUME":"4,319,397,380",
    "REVENUE":"25,672,502",
    "TRAVEL_ENTERTAINMENT":"256725.02",
    "EVENT_COUNT":"42",
    "MEETING_COUNT":"2,080"
  },
  {
    "CLIENT_ID":"189",
    "CLIENT_NAME":"client_189",
    "LAST_TRADE_DATE":"11/30/2011 00:00:00",
    "TRADE_VOLUME":"27,800,400",
    "REVENUE":"5,525",
    "TRAVEL_ENTERTAINMENT":"",
    "EVENT_COUNT":"",
    "MEETING_COUNT":""
  },
  {
    "CLIENT_ID":"19",
    "CLIENT_NAME":"client_19",
    "LAST_TRADE_DATE":"09/16/2011 00:00:00",
    "TRADE_VOLUME":"0",
    "REVENUE":"20,000",
    "TRAVEL_ENTERTAINMENT":"",
    "EVENT_COUNT":"",
    "MEETING_COUNT":""
  },
  {
    "CLIENT_ID":"190",
    "CLIENT_NAME":"client_190",
    "LAST_TRADE_DATE":"09/19/2011 00:00:00",
    "TRADE_VOLUME":"835,000",
    "REVENUE":"2,089",
    "TRAVEL_ENTERTAINMENT":"",
    "EVENT_COUNT":"",
    "MEETING_COUNT":""
  },
  {
    "CLIENT_ID":"191",
    "CLIENT_NAME":"client_191",
    "LAST_TRADE_DATE":"12/31/2011 00:00:00",
    "TRADE_VOLUME":"0",
    "REVENUE":"170",
    "TRAVEL_ENTERTAINMENT":"",
    "EVENT_COUNT":"",
    "MEETING_COUNT":""
  },
  {
    "CLIENT_ID":"192",
    "CLIENT_NAME":"client_192",
    "LAST_TRADE_DATE":"12/22/2011 00:00:00",
    "TRADE_VOLUME":"333,000",
    "REVENUE":"4,794",
    "TRAVEL_ENTERTAINMENT":"",
    "EVENT_COUNT":"",
    "MEETING_COUNT":""
  },
  {
    "CLIENT_ID":"193",
    "CLIENT_NAME":"client_193",
    "LAST_TRADE_DATE":"01/11/2012 00:00:00",
    "TRADE_VOLUME":"122,360",
    "REVENUE":"6,517",
    "TRAVEL_ENTERTAINMENT":"",
    "EVENT_COUNT":"",
    "MEETING_COUNT":""
  },
  {
    "CLIENT_ID":"194",
    "CLIENT_NAME":"client_194",
    "LAST_TRADE_DATE":"12/14/2011 00:00:00",
    "TRADE_VOLUME":"295,000",
    "REVENUE":"3,001",
    "TRAVEL_ENTERTAINMENT":"",
    "EVENT_COUNT":"",
    "MEETING_COUNT":""
  },
  {
    "CLIENT_ID":"195",
    "CLIENT_NAME":"client_195",
    "LAST_TRADE_DATE":"12/27/2011 00:00:00",
    "TRADE_VOLUME":"204,896",
    "REVENUE":"5,447",
    "TRAVEL_ENTERTAINMENT":"435.79",
    "EVENT_COUNT":"",
    "MEETING_COUNT":"16"
  },
  {
    "CLIENT_ID":"196",
    "CLIENT_NAME":"client_196",
    "LAST_TRADE_DATE":"12/31/2011 00:00:00",
    "TRADE_VOLUME":"50,000",
    "REVENUE":"41,514",
    "TRAVEL_ENTERTAINMENT":"",
    "EVENT_COUNT":"",
    "MEETING_COUNT":"1"
  },
  {
    "CLIENT_ID":"197",
    "CLIENT_NAME":"client_197",
    "LAST_TRADE_DATE":"02/01/2012 00:00:00",
    "TRADE_VOLUME":"88,305,279",
    "REVENUE":"3,270,482",
    "TRAVEL_ENTERTAINMENT":"32704.82",
    "EVENT_COUNT":"7",
    "MEETING_COUNT":"331"
  },
  {
    "CLIENT_ID":"198",
    "CLIENT_NAME":"client_198",
    "LAST_TRADE_DATE":"11/03/2011 00:00:00",
    "TRADE_VOLUME":"1,160",
    "REVENUE":"643",
    "TRAVEL_ENTERTAINMENT":"",
    "EVENT_COUNT":"",
    "MEETING_COUNT":""
  },
  {
    "CLIENT_ID":"199",
    "CLIENT_NAME":"client_199",
    "LAST_TRADE_DATE":"02/01/2012 00:00:00",
    "TRADE_VOLUME":"492,196",
    "REVENUE":"4,080",
    "TRAVEL_ENTERTAINMENT":"",
    "EVENT_COUNT":"",
    "MEETING_COUNT":""
  },
  {
    "CLIENT_ID":"2",
    "CLIENT_NAME":"client_2",
    "LAST_TRADE_DATE":"01/31/2012 00:00:00",
    "TRADE_VOLUME":"21,343,135",
    "REVENUE":"237,817",
    "TRAVEL_ENTERTAINMENT":"",
    "EVENT_COUNT":"1",
    "MEETING_COUNT":"30"
  },
  {
    "CLIENT_ID":"20",
    "CLIENT_NAME":"client_20",
    "LAST_TRADE_DATE":"01/27/2012 00:00:00",
    "TRADE_VOLUME":"1,716,715",
    "REVENUE":"17,160",
    "TRAVEL_ENTERTAINMENT":"",
    "EVENT_COUNT":"",
    "MEETING_COUNT":""
  },
  {
    "CLIENT_ID":"200",
    "CLIENT_NAME":"client_200",
    "LAST_TRADE_DATE":"02/01/2012 00:00:00",
    "TRADE_VOLUME":"67,610,792",
    "REVENUE":"1,127,040",
    "TRAVEL_ENTERTAINMENT":"",
    "EVENT_COUNT":"3",
    "MEETING_COUNT":"126"
  },
  {
    "CLIENT_ID":"201",
    "CLIENT_NAME":"client_201",
    "LAST_TRADE_DATE":"01/17/2012 00:00:00",
    "TRADE_VOLUME":"32,560,613",
    "REVENUE":"59,941",
    "TRAVEL_ENTERTAINMENT":"",
    "EVENT_COUNT":"",
    "MEETING_COUNT":""
  },
  {
    "CLIENT_ID":"202",
    "CLIENT_NAME":"client_202",
    "LAST_TRADE_DATE":"02/01/2012 00:00:00",
    "TRADE_VOLUME":"144,610,941",
    "REVENUE":"250,687",
    "TRAVEL_ENTERTAINMENT":"",
    "EVENT_COUNT":"",
    "MEETING_COUNT":"2"
  },
  {
    "CLIENT_ID":"203",
    "CLIENT_NAME":"client_203",
    "LAST_TRADE_DATE":"12/01/2011 00:00:00",
    "TRADE_VOLUME":"0",
    "REVENUE":"5,267",
    "TRAVEL_ENTERTAINMENT":"",
    "EVENT_COUNT":"",
    "MEETING_COUNT":""
  },
  {
    "CLIENT_ID":"204",
    "CLIENT_NAME":"client_204",
    "LAST_TRADE_DATE":"08/22/2011 00:00:00",
    "TRADE_VOLUME":"196,741",
    "REVENUE":"1,476",
    "TRAVEL_ENTERTAINMENT":"",
    "EVENT_COUNT":"",
    "MEETING_COUNT":""
  },
  {
    "CLIENT_ID":"205",
    "CLIENT_NAME":"client_205",
    "LAST_TRADE_DATE":"12/31/2011 00:00:00",
    "TRADE_VOLUME":"962,000",
    "REVENUE":"19,240",
    "TRAVEL_ENTERTAINMENT":"",
    "EVENT_COUNT":"",
    "MEETING_COUNT":""
  },
  {
    "CLIENT_ID":"206",
    "CLIENT_NAME":"client_206",
    "LAST_TRADE_DATE":"01/24/2012 00:00:00",
    "TRADE_VOLUME":"22,239,592",
    "REVENUE":"188,133",
    "TRAVEL_ENTERTAINMENT":"",
    "EVENT_COUNT":"1",
    "MEETING_COUNT":"49"
  },
  {
    "CLIENT_ID":"207",
    "CLIENT_NAME":"client_207",
    "LAST_TRADE_DATE":"01/25/2012 00:00:00",
    "TRADE_VOLUME":"10,887",
    "REVENUE":"0",
    "TRAVEL_ENTERTAINMENT":"",
    "EVENT_COUNT":"",
    "MEETING_COUNT":""
  },
  {
    "CLIENT_ID":"208",
    "CLIENT_NAME":"client_208",
    "LAST_TRADE_DATE":"11/01/2011 00:00:00",
    "TRADE_VOLUME":"0",
    "REVENUE":"3,177",
    "TRAVEL_ENTERTAINMENT":"",
    "EVENT_COUNT":"",
    "MEETING_COUNT":""
  },
  {
    "CLIENT_ID":"209",
    "CLIENT_NAME":"client_209",
    "LAST_TRADE_DATE":"09/25/2011 00:00:00",
    "TRADE_VOLUME":"0",
    "REVENUE":"4,574",
    "TRAVEL_ENTERTAINMENT":"",
    "EVENT_COUNT":"",
    "MEETING_COUNT":""
  },
  {
    "CLIENT_ID":"21",
    "CLIENT_NAME":"client_21",
    "LAST_TRADE_DATE":"01/19/2012 00:00:00",
    "TRADE_VOLUME":"18,193,895",
    "REVENUE":"428,655",
    "TRAVEL_ENTERTAINMENT":"",
    "EVENT_COUNT":"",
    "MEETING_COUNT":""
  },
  {
    "CLIENT_ID":"210",
    "CLIENT_NAME":"client_210",
    "LAST_TRADE_DATE":"02/01/2012 00:00:00",
    "TRADE_VOLUME":"52,023,860",
    "REVENUE":"79,123",
    "TRAVEL_ENTERTAINMENT":"",
    "EVENT_COUNT":"",
    "MEETING_COUNT":""
  },
  {
    "CLIENT_ID":"211",
    "CLIENT_NAME":"client_211",
    "LAST_TRADE_DATE":"01/30/2012 00:00:00",
    "TRADE_VOLUME":"24,118",
    "REVENUE":"647,195",
    "TRAVEL_ENTERTAINMENT":"",
    "EVENT_COUNT":"",
    "MEETING_COUNT":""
  },
  {
    "CLIENT_ID":"212",
    "CLIENT_NAME":"client_212",
    "LAST_TRADE_DATE":"01/20/2012 00:00:00",
    "TRADE_VOLUME":"24,884,060",
    "REVENUE":"101,198",
    "TRAVEL_ENTERTAINMENT":"",
    "EVENT_COUNT":"1",
    "MEETING_COUNT":"53"
  },
  {
    "CLIENT_ID":"213",
    "CLIENT_NAME":"client_213",
    "LAST_TRADE_DATE":"11/23/2011 00:00:00",
    "TRADE_VOLUME":"157,712",
    "REVENUE":"50",
    "TRAVEL_ENTERTAINMENT":"",
    "EVENT_COUNT":"",
    "MEETING_COUNT":""
  },
  {
    "CLIENT_ID":"214",
    "CLIENT_NAME":"client_214",
    "LAST_TRADE_DATE":"02/01/2012 00:00:00",
    "TRADE_VOLUME":"1,097,980",
    "REVENUE":"148,908",
    "TRAVEL_ENTERTAINMENT":"",
    "EVENT_COUNT":"",
    "MEETING_COUNT":""
  },
  {
    "CLIENT_ID":"215",
    "CLIENT_NAME":"client_215",
    "LAST_TRADE_DATE":"02/01/2012 00:00:00",
    "TRADE_VOLUME":"30,966,902",
    "REVENUE":"154,386",
    "TRAVEL_ENTERTAINMENT":"",
    "EVENT_COUNT":"",
    "MEETING_COUNT":""
  },
  {
    "CLIENT_ID":"216",
    "CLIENT_NAME":"client_216",
    "LAST_TRADE_DATE":"01/31/2012 00:00:00",
    "TRADE_VOLUME":"439,000",
    "REVENUE":"7,903",
    "TRAVEL_ENTERTAINMENT":"",
    "EVENT_COUNT":"",
    "MEETING_COUNT":""
  },
  {
    "CLIENT_ID":"217",
    "CLIENT_NAME":"client_217",
    "LAST_TRADE_DATE":"02/01/2012 00:00:00",
    "TRADE_VOLUME":"197,523,320",
    "REVENUE":"493,858",
    "TRAVEL_ENTERTAINMENT":"",
    "EVENT_COUNT":"",
    "MEETING_COUNT":"7"
  },
  {
    "CLIENT_ID":"218",
    "CLIENT_NAME":"client_218",
    "LAST_TRADE_DATE":"02/01/2012 00:00:00",
    "TRADE_VOLUME":"6,774,012",
    "REVENUE":"35,819",
    "TRAVEL_ENTERTAINMENT":"",
    "EVENT_COUNT":"",
    "MEETING_COUNT":""
  },
  {
    "CLIENT_ID":"219",
    "CLIENT_NAME":"client_219",
    "LAST_TRADE_DATE":"01/26/2012 00:00:00",
    "TRADE_VOLUME":"418,700",
    "REVENUE":"13,287",
    "TRAVEL_ENTERTAINMENT":"996.53",
    "EVENT_COUNT":"",
    "MEETING_COUNT":"15"
  },
  {
    "CLIENT_ID":"22",
    "CLIENT_NAME":"client_22",
    "LAST_TRADE_DATE":"11/21/2011 00:00:00",
    "TRADE_VOLUME":"26,859,521",
    "REVENUE":"238,450",
    "TRAVEL_ENTERTAINMENT":"",
    "EVENT_COUNT":"",
    "MEETING_COUNT":""
  },
  {
    "CLIENT_ID":"220",
    "CLIENT_NAME":"client_220",
    "LAST_TRADE_DATE":"01/30/2012 00:00:00",
    "TRADE_VOLUME":"1,919,725",
    "REVENUE":"57,592",
    "TRAVEL_ENTERTAINMENT":"",
    "EVENT_COUNT":"",
    "MEETING_COUNT":"6"
  },
  {
    "CLIENT_ID":"221",
    "CLIENT_NAME":"client_221",
    "LAST_TRADE_DATE":"01/30/2012 00:00:00",
    "TRADE_VOLUME":"104,516,967",
    "REVENUE":"646,175",
    "TRAVEL_ENTERTAINMENT":"",
    "EVENT_COUNT":"",
    "MEETING_COUNT":""
  },
  {
    "CLIENT_ID":"222",
    "CLIENT_NAME":"client_222",
    "LAST_TRADE_DATE":"09/21/2011 00:00:00",
    "TRADE_VOLUME":"272,578",
    "REVENUE":"11,998",
    "TRAVEL_ENTERTAINMENT":"299.95",
    "EVENT_COUNT":"",
    "MEETING_COUNT":"5"
  },
  {
    "CLIENT_ID":"223",
    "CLIENT_NAME":"client_223",
    "LAST_TRADE_DATE":"01/27/2012 00:00:00",
    "TRADE_VOLUME":"384,178",
    "REVENUE":"16,609",
    "TRAVEL_ENTERTAINMENT":"",
    "EVENT_COUNT":"",
    "MEETING_COUNT":""
  },
  {
    "CLIENT_ID":"224",
    "CLIENT_NAME":"client_224",
    "LAST_TRADE_DATE":"01/20/2012 00:00:00",
    "TRADE_VOLUME":"22,665,479",
    "REVENUE":"191,692",
    "TRAVEL_ENTERTAINMENT":"",
    "EVENT_COUNT":"1",
    "MEETING_COUNT":"46"
  },
  {
    "CLIENT_ID":"225",
    "CLIENT_NAME":"client_225",
    "LAST_TRADE_DATE":"01/27/2012 00:00:00",
    "TRADE_VOLUME":"484,314,620",
    "REVENUE":"117,927",
    "TRAVEL_ENTERTAINMENT":"",
    "EVENT_COUNT":"",
    "MEETING_COUNT":"2"
  },
  {
    "CLIENT_ID":"226",
    "CLIENT_NAME":"client_226",
    "LAST_TRADE_DATE":"01/13/2012 00:00:00",
    "TRADE_VOLUME":"1,260,400",
    "REVENUE":"26,935",
    "TRAVEL_ENTERTAINMENT":"",
    "EVENT_COUNT":"",
    "MEETING_COUNT":""
  },
  {
    "CLIENT_ID":"227",
    "CLIENT_NAME":"client_227",
    "LAST_TRADE_DATE":"01/31/2012 00:00:00",
    "TRADE_VOLUME":"2",
    "REVENUE":"60,000",
    "TRAVEL_ENTERTAINMENT":"",
    "EVENT_COUNT":"1",
    "MEETING_COUNT":"41"
  },
  {
    "CLIENT_ID":"228",
    "CLIENT_NAME":"client_228",
    "LAST_TRADE_DATE":"02/01/2012 00:00:00",
    "TRADE_VOLUME":"22,038",
    "REVENUE":"39,249",
    "TRAVEL_ENTERTAINMENT":"",
    "EVENT_COUNT":"",
    "MEETING_COUNT":""
  },
  {
    "CLIENT_ID":"229",
    "CLIENT_NAME":"client_229",
    "LAST_TRADE_DATE":"09/19/2011 00:00:00",
    "TRADE_VOLUME":"23,500",
    "REVENUE":"705",
    "TRAVEL_ENTERTAINMENT":"",
    "EVENT_COUNT":"",
    "MEETING_COUNT":""
  },
  {
    "CLIENT_ID":"23",
    "CLIENT_NAME":"client_23",
    "LAST_TRADE_DATE":"01/13/2012 00:00:00",
    "TRADE_VOLUME":"924,852",
    "REVENUE":"46,243",
    "TRAVEL_ENTERTAINMENT":"",
    "EVENT_COUNT":"",
    "MEETING_COUNT":""
  },
  {
    "CLIENT_ID":"230",
    "CLIENT_NAME":"client_230",
    "LAST_TRADE_DATE":"12/01/2011 00:00:00",
    "TRADE_VOLUME":"0",
    "REVENUE":"16",
    "TRAVEL_ENTERTAINMENT":"",
    "EVENT_COUNT":"",
    "MEETING_COUNT":""
  },
  {
    "CLIENT_ID":"231",
    "CLIENT_NAME":"client_231",
    "LAST_TRADE_DATE":"01/27/2012 00:00:00",
    "TRADE_VOLUME":"795",
    "REVENUE":"30,620",
    "TRAVEL_ENTERTAINMENT":"",
    "EVENT_COUNT":"",
    "MEETING_COUNT":""
  },
  {
    "CLIENT_ID":"232",
    "CLIENT_NAME":"client_232",
    "LAST_TRADE_DATE":"12/01/2011 00:00:00",
    "TRADE_VOLUME":"0",
    "REVENUE":"812,904",
    "TRAVEL_ENTERTAINMENT":"",
    "EVENT_COUNT":"",
    "MEETING_COUNT":""
  },
  {
    "CLIENT_ID":"233",
    "CLIENT_NAME":"client_233",
    "LAST_TRADE_DATE":"11/03/2011 00:00:00",
    "TRADE_VOLUME":"1,322,000",
    "REVENUE":"3,305",
    "TRAVEL_ENTERTAINMENT":"",
    "EVENT_COUNT":"",
    "MEETING_COUNT":""
  },
  {
    "CLIENT_ID":"234",
    "CLIENT_NAME":"client_234",
    "LAST_TRADE_DATE":"11/03/2011 00:00:00",
    "TRADE_VOLUME":"4,400",
    "REVENUE":"2,640",
    "TRAVEL_ENTERTAINMENT":"",
    "EVENT_COUNT":"",
    "MEETING_COUNT":""
  },
  {
    "CLIENT_ID":"235",
    "CLIENT_NAME":"client_235",
    "LAST_TRADE_DATE":"12/06/2011 00:00:00",
    "TRADE_VOLUME":"12,384",
    "REVENUE":"0",
    "TRAVEL_ENTERTAINMENT":"",
    "EVENT_COUNT":"",
    "MEETING_COUNT":""
  },
  {
    "CLIENT_ID":"236",
    "CLIENT_NAME":"client_236",
    "LAST_TRADE_DATE":"01/31/2012 00:00:00",
    "TRADE_VOLUME":"30,202,199",
    "REVENUE":"19,058",
    "TRAVEL_ENTERTAINMENT":"95.29",
    "EVENT_COUNT":"",
    "MEETING_COUNT":"1"
  },
  {
    "CLIENT_ID":"237",
    "CLIENT_NAME":"client_237",
    "LAST_TRADE_DATE":"01/10/2012 00:00:00",
    "TRADE_VOLUME":"7,280,741",
    "REVENUE":"13,908",
    "TRAVEL_ENTERTAINMENT":"6884.41",
    "EVENT_COUNT":"2",
    "MEETING_COUNT":"99"
  },
  {
    "CLIENT_ID":"238",
    "CLIENT_NAME":"client_238",
    "LAST_TRADE_DATE":"01/31/2012 00:00:00",
    "TRADE_VOLUME":"1,057,762",
    "REVENUE":"57,957",
    "TRAVEL_ENTERTAINMENT":"",
    "EVENT_COUNT":"",
    "MEETING_COUNT":""
  },
  {
    "CLIENT_ID":"239",
    "CLIENT_NAME":"client_239",
    "LAST_TRADE_DATE":"02/01/2012 00:00:00",
    "TRADE_VOLUME":"230,590",
    "REVENUE":"6,980",
    "TRAVEL_ENTERTAINMENT":"34.90",
    "EVENT_COUNT":"",
    "MEETING_COUNT":"1"
  },
  {
    "CLIENT_ID":"24",
    "CLIENT_NAME":"client_24",
    "LAST_TRADE_DATE":"12/21/2011 00:00:00",
    "TRADE_VOLUME":"75,775,000",
    "REVENUE":"16,388",
    "TRAVEL_ENTERTAINMENT":"",
    "EVENT_COUNT":"",
    "MEETING_COUNT":""
  },
  {
    "CLIENT_ID":"240",
    "CLIENT_NAME":"client_240",
    "LAST_TRADE_DATE":"12/09/2011 00:00:00",
    "TRADE_VOLUME":"1,121,365",
    "REVENUE":"2,294",
    "TRAVEL_ENTERTAINMENT":"",
    "EVENT_COUNT":"",
    "MEETING_COUNT":""
  },
  {
    "CLIENT_ID":"241",
    "CLIENT_NAME":"client_241",
    "LAST_TRADE_DATE":"01/20/2012 00:00:00",
    "TRADE_VOLUME":"17,030,790",
    "REVENUE":"293,688",
    "TRAVEL_ENTERTAINMENT":"",
    "EVENT_COUNT":"4",
    "MEETING_COUNT":"176"
  },
  {
    "CLIENT_ID":"242",
    "CLIENT_NAME":"client_242",
    "LAST_TRADE_DATE":"01/11/2012 00:00:00",
    "TRADE_VOLUME":"15,000",
    "REVENUE":"4,061",
    "TRAVEL_ENTERTAINMENT":"101.52",
    "EVENT_COUNT":"",
    "MEETING_COUNT":"5"
  },
  {
    "CLIENT_ID":"243",
    "CLIENT_NAME":"client_243",
    "LAST_TRADE_DATE":"01/25/2012 00:00:00",
    "TRADE_VOLUME":"508,146",
    "REVENUE":"19,341",
    "TRAVEL_ENTERTAINMENT":"483.52",
    "EVENT_COUNT":"",
    "MEETING_COUNT":"5"
  },
  {
    "CLIENT_ID":"244",
    "CLIENT_NAME":"client_244",
    "LAST_TRADE_DATE":"01/18/2012 00:00:00",
    "TRADE_VOLUME":"2,996,686",
    "REVENUE":"165,088",
    "TRAVEL_ENTERTAINMENT":"",
    "EVENT_COUNT":"",
    "MEETING_COUNT":""
  },
  {
    "CLIENT_ID":"245",
    "CLIENT_NAME":"client_245",
    "LAST_TRADE_DATE":"01/30/2012 00:00:00",
    "TRADE_VOLUME":"1,151,200",
    "REVENUE":"13,376",
    "TRAVEL_ENTERTAINMENT":"4146.63",
    "EVENT_COUNT":"1",
    "MEETING_COUNT":"62"
  },
  {
    "CLIENT_ID":"246",
    "CLIENT_NAME":"client_246",
    "LAST_TRADE_DATE":"12/01/2011 00:00:00",
    "TRADE_VOLUME":"0",
    "REVENUE":"58",
    "TRAVEL_ENTERTAINMENT":"",
    "EVENT_COUNT":"",
    "MEETING_COUNT":""
  },
  {
    "CLIENT_ID":"247",
    "CLIENT_NAME":"client_247",
    "LAST_TRADE_DATE":"02/01/2012 00:00:00",
    "TRADE_VOLUME":"176,725,812",
    "REVENUE":"1,187,987",
    "TRAVEL_ENTERTAINMENT":"",
    "EVENT_COUNT":"2",
    "MEETING_COUNT":"110"
  },
  {
    "CLIENT_ID":"248",
    "CLIENT_NAME":"client_248",
    "LAST_TRADE_DATE":"12/01/2011 00:00:00",
    "TRADE_VOLUME":"0",
    "REVENUE":"9,341",
    "TRAVEL_ENTERTAINMENT":"",
    "EVENT_COUNT":"",
    "MEETING_COUNT":""
  },
  {
    "CLIENT_ID":"249",
    "CLIENT_NAME":"client_249",
    "LAST_TRADE_DATE":"11/01/2011 00:00:00",
    "TRADE_VOLUME":"0",
    "REVENUE":"462",
    "TRAVEL_ENTERTAINMENT":"",
    "EVENT_COUNT":"",
    "MEETING_COUNT":""
  },
  {
    "CLIENT_ID":"25",
    "CLIENT_NAME":"client_25",
    "LAST_TRADE_DATE":"10/26/2011 00:00:00",
    "TRADE_VOLUME":"200,000",
    "REVENUE":"1,667",
    "TRAVEL_ENTERTAINMENT":"",
    "EVENT_COUNT":"",
    "MEETING_COUNT":""
  },
  {
    "CLIENT_ID":"250",
    "CLIENT_NAME":"client_250",
    "LAST_TRADE_DATE":"12/01/2011 00:00:00",
    "TRADE_VOLUME":"0",
    "REVENUE":"344,062",
    "TRAVEL_ENTERTAINMENT":"",
    "EVENT_COUNT":"",
    "MEETING_COUNT":""
  },
  {
    "CLIENT_ID":"251",
    "CLIENT_NAME":"client_251",
    "LAST_TRADE_DATE":"08/16/2011 00:00:00",
    "TRADE_VOLUME":"823,100",
    "REVENUE":"2,058",
    "TRAVEL_ENTERTAINMENT":"185.20",
    "EVENT_COUNT":"",
    "MEETING_COUNT":"18"
  },
  {
    "CLIENT_ID":"252",
    "CLIENT_NAME":"client_252",
    "LAST_TRADE_DATE":"01/25/2012 00:00:00",
    "TRADE_VOLUME":"1,534,078",
    "REVENUE":"41,631",
    "TRAVEL_ENTERTAINMENT":"",
    "EVENT_COUNT":"",
    "MEETING_COUNT":"1"
  },
  {
    "CLIENT_ID":"253",
    "CLIENT_NAME":"client_253",
    "LAST_TRADE_DATE":"01/23/2012 00:00:00",
    "TRADE_VOLUME":"5,247,200",
    "REVENUE":"22,480",
    "TRAVEL_ENTERTAINMENT":"",
    "EVENT_COUNT":"",
    "MEETING_COUNT":""
  },
  {
    "CLIENT_ID":"254",
    "CLIENT_NAME":"client_254",
    "LAST_TRADE_DATE":"02/01/2012 00:00:00",
    "TRADE_VOLUME":"13,611,700",
    "REVENUE":"6,193",
    "TRAVEL_ENTERTAINMENT":"",
    "EVENT_COUNT":"",
    "MEETING_COUNT":""
  },
  {
    "CLIENT_ID":"255",
    "CLIENT_NAME":"client_255",
    "LAST_TRADE_DATE":"01/31/2012 00:00:00",
    "TRADE_VOLUME":"3,637,728",
    "REVENUE":"190,965",
    "TRAVEL_ENTERTAINMENT":"",
    "EVENT_COUNT":"",
    "MEETING_COUNT":""
  },
  {
    "CLIENT_ID":"256",
    "CLIENT_NAME":"client_256",
    "LAST_TRADE_DATE":"01/10/2012 00:00:00",
    "TRADE_VOLUME":"8,751,215",
    "REVENUE":"87,352",
    "TRAVEL_ENTERTAINMENT":"",
    "EVENT_COUNT":"",
    "MEETING_COUNT":""
  },
  {
    "CLIENT_ID":"257",
    "CLIENT_NAME":"client_257",
    "LAST_TRADE_DATE":"02/01/2012 00:00:00",
    "TRADE_VOLUME":"1,468,674",
    "REVENUE":"17,309",
    "TRAVEL_ENTERTAINMENT":"",
    "EVENT_COUNT":"",
    "MEETING_COUNT":""
  },
  {
    "CLIENT_ID":"258",
    "CLIENT_NAME":"client_258",
    "LAST_TRADE_DATE":"01/30/2012 00:00:00",
    "TRADE_VOLUME":"37,023",
    "REVENUE":"21,415",
    "TRAVEL_ENTERTAINMENT":"",
    "EVENT_COUNT":"",
    "MEETING_COUNT":""
  },
  {
    "CLIENT_ID":"259",
    "CLIENT_NAME":"client_259",
    "LAST_TRADE_DATE":"12/13/2011 00:00:00",
    "TRADE_VOLUME":"2,219",
    "REVENUE":"7,208",
    "TRAVEL_ENTERTAINMENT":"",
    "EVENT_COUNT":"",
    "MEETING_COUNT":""
  },
  {
    "CLIENT_ID":"26",
    "CLIENT_NAME":"client_26",
    "LAST_TRADE_DATE":"12/31/2011 00:00:00",
    "TRADE_VOLUME":"5,578,546",
    "REVENUE":"67,197",
    "TRAVEL_ENTERTAINMENT":"",
    "EVENT_COUNT":"",
    "MEETING_COUNT":""
  },
  {
    "CLIENT_ID":"260",
    "CLIENT_NAME":"client_260",
    "LAST_TRADE_DATE":"01/26/2012 00:00:00",
    "TRADE_VOLUME":"50,104",
    "REVENUE":"17,757",
    "TRAVEL_ENTERTAINMENT":"",
    "EVENT_COUNT":"",
    "MEETING_COUNT":""
  },
  {
    "CLIENT_ID":"261",
    "CLIENT_NAME":"client_261",
    "LAST_TRADE_DATE":"01/03/2012 00:00:00",
    "TRADE_VOLUME":"1,779",
    "REVENUE":"27,085",
    "TRAVEL_ENTERTAINMENT":"",
    "EVENT_COUNT":"",
    "MEETING_COUNT":""
  },
  {
    "CLIENT_ID":"262",
    "CLIENT_NAME":"client_262",
    "LAST_TRADE_DATE":"02/01/2012 00:00:00",
    "TRADE_VOLUME":"184,702,342",
    "REVENUE":"278,078",
    "TRAVEL_ENTERTAINMENT":"",
    "EVENT_COUNT":"",
    "MEETING_COUNT":""
  },
  {
    "CLIENT_ID":"263",
    "CLIENT_NAME":"client_263",
    "LAST_TRADE_DATE":"12/29/2011 00:00:00",
    "TRADE_VOLUME":"128,221",
    "REVENUE":"8,542",
    "TRAVEL_ENTERTAINMENT":"2007.29",
    "EVENT_COUNT":"1",
    "MEETING_COUNT":"47"
  },
  {
    "CLIENT_ID":"264",
    "CLIENT_NAME":"client_264",
    "LAST_TRADE_DATE":"01/17/2012 00:00:00",
    "TRADE_VOLUME":"382,793",
    "REVENUE":"28,367",
    "TRAVEL_ENTERTAINMENT":"",
    "EVENT_COUNT":"",
    "MEETING_COUNT":"16"
  },
  {
    "CLIENT_ID":"265",
    "CLIENT_NAME":"client_265",
    "LAST_TRADE_DATE":"01/27/2012 00:00:00",
    "TRADE_VOLUME":"25,734",
    "REVENUE":"155,350",
    "TRAVEL_ENTERTAINMENT":"",
    "EVENT_COUNT":"",
    "MEETING_COUNT":""
  },
  {
    "CLIENT_ID":"266",
    "CLIENT_NAME":"client_266",
    "LAST_TRADE_DATE":"12/31/2011 00:00:00",
    "TRADE_VOLUME":"296,083",
    "REVENUE":"38,156",
    "TRAVEL_ENTERTAINMENT":"",
    "EVENT_COUNT":"",
    "MEETING_COUNT":"2"
  },
  {
    "CLIENT_ID":"267",
    "CLIENT_NAME":"client_267",
    "LAST_TRADE_DATE":"01/03/2012 00:00:00",
    "TRADE_VOLUME":"12,042,272",
    "REVENUE":"57,806",
    "TRAVEL_ENTERTAINMENT":"",
    "EVENT_COUNT":"",
    "MEETING_COUNT":""
  },
  {
    "CLIENT_ID":"268",
    "CLIENT_NAME":"client_268",
    "LAST_TRADE_DATE":"08/09/2011 00:00:00",
    "TRADE_VOLUME":"128,800",
    "REVENUE":"1,940",
    "TRAVEL_ENTERTAINMENT":"",
    "EVENT_COUNT":"",
    "MEETING_COUNT":""
  },
  {
    "CLIENT_ID":"269",
    "CLIENT_NAME":"client_269",
    "LAST_TRADE_DATE":"02/01/2012 00:00:00",
    "TRADE_VOLUME":"11,076,784",
    "REVENUE":"96,973",
    "TRAVEL_ENTERTAINMENT":"",
    "EVENT_COUNT":"1",
    "MEETING_COUNT":"50"
  },
  {
    "CLIENT_ID":"27",
    "CLIENT_NAME":"client_27",
    "LAST_TRADE_DATE":"12/29/2011 00:00:00",
    "TRADE_VOLUME":"3,092,275",
    "REVENUE":"28,056",
    "TRAVEL_ENTERTAINMENT":"",
    "EVENT_COUNT":"",
    "MEETING_COUNT":"13"
  },
  {
    "CLIENT_ID":"270",
    "CLIENT_NAME":"client_270",
    "LAST_TRADE_DATE":"01/25/2012 00:00:00",
    "TRADE_VOLUME":"367,539",
    "REVENUE":"7,185",
    "TRAVEL_ENTERTAINMENT":"143.71",
    "EVENT_COUNT":"",
    "MEETING_COUNT":"4"
  },
  {
    "CLIENT_ID":"271",
    "CLIENT_NAME":"client_271",
    "LAST_TRADE_DATE":"02/01/2012 00:00:00",
    "TRADE_VOLUME":"119,664",
    "REVENUE":"8,724",
    "TRAVEL_ENTERTAINMENT":"1352.22",
    "EVENT_COUNT":"1",
    "MEETING_COUNT":"31"
  },
  {
    "CLIENT_ID":"272",
    "CLIENT_NAME":"client_272",
    "LAST_TRADE_DATE":"02/01/2012 00:00:00",
    "TRADE_VOLUME":"318,544,486",
    "REVENUE":"8,509,037",
    "TRAVEL_ENTERTAINMENT":"85090.37",
    "EVENT_COUNT":"5",
    "MEETING_COUNT":"252"
  },
  {
    "CLIENT_ID":"273",
    "CLIENT_NAME":"client_273",
    "LAST_TRADE_DATE":"12/21/2011 00:00:00",
    "TRADE_VOLUME":"1,748,100",
    "REVENUE":"10,791",
    "TRAVEL_ENTERTAINMENT":"",
    "EVENT_COUNT":"",
    "MEETING_COUNT":""
  },
  {
    "CLIENT_ID":"274",
    "CLIENT_NAME":"client_274",
    "LAST_TRADE_DATE":"10/31/2011 00:00:00",
    "TRADE_VOLUME":"0",
    "REVENUE":"15,458",
    "TRAVEL_ENTERTAINMENT":"",
    "EVENT_COUNT":"",
    "MEETING_COUNT":""
  },
  {
    "CLIENT_ID":"275",
    "CLIENT_NAME":"client_275",
    "LAST_TRADE_DATE":"12/30/2011 00:00:00",
    "TRADE_VOLUME":"20,000",
    "REVENUE":"1,000",
    "TRAVEL_ENTERTAINMENT":"",
    "EVENT_COUNT":"",
    "MEETING_COUNT":""
  },
  {
    "CLIENT_ID":"276",
    "CLIENT_NAME":"client_276",
    "LAST_TRADE_DATE":"11/30/2011 00:00:00",
    "TRADE_VOLUME":"4,036,803",
    "REVENUE":"50,457",
    "TRAVEL_ENTERTAINMENT":"",
    "EVENT_COUNT":"",
    "MEETING_COUNT":""
  },
  {
    "CLIENT_ID":"277",
    "CLIENT_NAME":"client_277",
    "LAST_TRADE_DATE":"12/09/2011 00:00:00",
    "TRADE_VOLUME":"3,100,000",
    "REVENUE":"15,152",
    "TRAVEL_ENTERTAINMENT":"",
    "EVENT_COUNT":"",
    "MEETING_COUNT":""
  },
  {
    "CLIENT_ID":"278",
    "CLIENT_NAME":"client_278",
    "LAST_TRADE_DATE":"12/14/2011 00:00:00",
    "TRADE_VOLUME":"50,000",
    "REVENUE":"5,000",
    "TRAVEL_ENTERTAINMENT":"",
    "EVENT_COUNT":"",
    "MEETING_COUNT":""
  },
  {
    "CLIENT_ID":"279",
    "CLIENT_NAME":"client_279",
    "LAST_TRADE_DATE":"02/01/2012 00:00:00",
    "TRADE_VOLUME":"10,988,793",
    "REVENUE":"105,168",
    "TRAVEL_ENTERTAINMENT":"",
    "EVENT_COUNT":"",
    "MEETING_COUNT":"1"
  },
  {
    "CLIENT_ID":"28",
    "CLIENT_NAME":"client_28",
    "LAST_TRADE_DATE":"01/22/2012 00:00:00",
    "TRADE_VOLUME":"0",
    "REVENUE":"602,786",
    "TRAVEL_ENTERTAINMENT":"",
    "EVENT_COUNT":"",
    "MEETING_COUNT":""
  },
  {
    "CLIENT_ID":"280",
    "CLIENT_NAME":"client_280",
    "LAST_TRADE_DATE":"09/15/2011 00:00:00",
    "TRADE_VOLUME":"500,000",
    "REVENUE":"7,904",
    "TRAVEL_ENTERTAINMENT":"",
    "EVENT_COUNT":"",
    "MEETING_COUNT":""
  },
  {
    "CLIENT_ID":"281",
    "CLIENT_NAME":"client_281",
    "LAST_TRADE_DATE":"01/30/2012 00:00:00",
    "TRADE_VOLUME":"49,065",
    "REVENUE":"49,845",
    "TRAVEL_ENTERTAINMENT":"",
    "EVENT_COUNT":"",
    "MEETING_COUNT":""
  },
  {
    "CLIENT_ID":"282",
    "CLIENT_NAME":"client_282",
    "LAST_TRADE_DATE":"01/12/2012 00:00:00",
    "TRADE_VOLUME":"22,891",
    "REVENUE":"3,364",
    "TRAVEL_ENTERTAINMENT":"",
    "EVENT_COUNT":"",
    "MEETING_COUNT":""
  },
  {
    "CLIENT_ID":"283",
    "CLIENT_NAME":"client_283",
    "LAST_TRADE_DATE":"02/01/2012 00:00:00",
    "TRADE_VOLUME":"26,149,951",
    "REVENUE":"434,884",
    "TRAVEL_ENTERTAINMENT":"",
    "EVENT_COUNT":"",
    "MEETING_COUNT":""
  },
  {
    "CLIENT_ID":"284",
    "CLIENT_NAME":"client_284",
    "LAST_TRADE_DATE":"02/01/2012 00:00:00",
    "TRADE_VOLUME":"79,158,413",
    "REVENUE":"154,130",
    "TRAVEL_ENTERTAINMENT":"",
    "EVENT_COUNT":"",
    "MEETING_COUNT":"15"
  },
  {
    "CLIENT_ID":"285",
    "CLIENT_NAME":"client_285",
    "LAST_TRADE_DATE":"02/01/2012 00:00:00",
    "TRADE_VOLUME":"220,200",
    "REVENUE":"7,550",
    "TRAVEL_ENTERTAINMENT":"302.00",
    "EVENT_COUNT":"",
    "MEETING_COUNT":"8"
  },
  {
    "CLIENT_ID":"286",
    "CLIENT_NAME":"client_286",
    "LAST_TRADE_DATE":"12/28/2011 00:00:00",
    "TRADE_VOLUME":"0",
    "REVENUE":"3,127",
    "TRAVEL_ENTERTAINMENT":"",
    "EVENT_COUNT":"",
    "MEETING_COUNT":""
  },
  {
    "CLIENT_ID":"287",
    "CLIENT_NAME":"client_287",
    "LAST_TRADE_DATE":"11/30/2011 00:00:00",
    "TRADE_VOLUME":"2,000,000",
    "REVENUE":"5,000",
    "TRAVEL_ENTERTAINMENT":"",
    "EVENT_COUNT":"",
    "MEETING_COUNT":""
  },
  {
    "CLIENT_ID":"288",
    "CLIENT_NAME":"client_288",
    "LAST_TRADE_DATE":"12/08/2011 00:00:00",
    "TRADE_VOLUME":"1,915,735",
    "REVENUE":"17,599",
    "TRAVEL_ENTERTAINMENT":"87.99",
    "EVENT_COUNT":"",
    "MEETING_COUNT":"1"
  },
  {
    "CLIENT_ID":"289",
    "CLIENT_NAME":"client_289",
    "LAST_TRADE_DATE":"12/31/2011 00:00:00",
    "TRADE_VOLUME":"0",
    "REVENUE":"280,824",
    "TRAVEL_ENTERTAINMENT":"",
    "EVENT_COUNT":"",
    "MEETING_COUNT":"4"
  },
  {
    "CLIENT_ID":"29",
    "CLIENT_NAME":"client_29",
    "LAST_TRADE_DATE":"12/31/2011 00:00:00",
    "TRADE_VOLUME":"0",
    "REVENUE":"49,481",
    "TRAVEL_ENTERTAINMENT":"",
    "EVENT_COUNT":"",
    "MEETING_COUNT":""
  },
  {
    "CLIENT_ID":"290",
    "CLIENT_NAME":"client_290",
    "LAST_TRADE_DATE":"01/31/2012 00:00:00",
    "TRADE_VOLUME":"30,732,802",
    "REVENUE":"1,739,175",
    "TRAVEL_ENTERTAINMENT":"",
    "EVENT_COUNT":"1",
    "MEETING_COUNT":"27"
  },
  {
    "CLIENT_ID":"291",
    "CLIENT_NAME":"client_291",
    "LAST_TRADE_DATE":"01/19/2012 00:00:00",
    "TRADE_VOLUME":"886,774",
    "REVENUE":"24,553",
    "TRAVEL_ENTERTAINMENT":"13258.86",
    "EVENT_COUNT":"2",
    "MEETING_COUNT":"108"
  },
  {
    "CLIENT_ID":"292",
    "CLIENT_NAME":"client_292",
    "LAST_TRADE_DATE":"01/30/2012 00:00:00",
    "TRADE_VOLUME":"0",
    "REVENUE":"4,000",
    "TRAVEL_ENTERTAINMENT":"",
    "EVENT_COUNT":"",
    "MEETING_COUNT":""
  },
  {
    "CLIENT_ID":"293",
    "CLIENT_NAME":"client_293",
    "LAST_TRADE_DATE":"01/31/2012 00:00:00",
    "TRADE_VOLUME":"11,878,512",
    "REVENUE":"41,942",
    "TRAVEL_ENTERTAINMENT":"",
    "EVENT_COUNT":"",
    "MEETING_COUNT":"15"
  },
  {
    "CLIENT_ID":"294",
    "CLIENT_NAME":"client_294",
    "LAST_TRADE_DATE":"01/31/2012 00:00:00",
    "TRADE_VOLUME":"316,839",
    "REVENUE":"78,885",
    "TRAVEL_ENTERTAINMENT":"",
    "EVENT_COUNT":"",
    "MEETING_COUNT":""
  },
  {
    "CLIENT_ID":"295",
    "CLIENT_NAME":"client_295",
    "LAST_TRADE_DATE":"12/21/2011 00:00:00",
    "TRADE_VOLUME":"27,304,970",
    "REVENUE":"499,709",
    "TRAVEL_ENTERTAINMENT":"",
    "EVENT_COUNT":"2",
    "MEETING_COUNT":"95"
  },
  {
    "CLIENT_ID":"296",
    "CLIENT_NAME":"client_296",
    "LAST_TRADE_DATE":"01/09/2012 00:00:00",
    "TRADE_VOLUME":"27,468",
    "REVENUE":"32,428",
    "TRAVEL_ENTERTAINMENT":"",
    "EVENT_COUNT":"",
    "MEETING_COUNT":""
  },
  {
    "CLIENT_ID":"297",
    "CLIENT_NAME":"client_297",
    "LAST_TRADE_DATE":"01/18/2012 00:00:00",
    "TRADE_VOLUME":"0",
    "REVENUE":"49,609",
    "TRAVEL_ENTERTAINMENT":"",
    "EVENT_COUNT":"",
    "MEETING_COUNT":""
  },
  {
    "CLIENT_ID":"298",
    "CLIENT_NAME":"client_298",
    "LAST_TRADE_DATE":"01/19/2012 00:00:00",
    "TRADE_VOLUME":"113,998,707",
    "REVENUE":"1,027,119",
    "TRAVEL_ENTERTAINMENT":"",
    "EVENT_COUNT":"5",
    "MEETING_COUNT":"235"
  },
  {
    "CLIENT_ID":"299",
    "CLIENT_NAME":"client_299",
    "LAST_TRADE_DATE":"01/19/2012 00:00:00",
    "TRADE_VOLUME":"3,351,423",
    "REVENUE":"98,368",
    "TRAVEL_ENTERTAINMENT":"",
    "EVENT_COUNT":"",
    "MEETING_COUNT":""
  },
  {
    "CLIENT_ID":"3",
    "CLIENT_NAME":"client_3",
    "LAST_TRADE_DATE":"01/26/2012 00:00:00",
    "TRADE_VOLUME":"527,515",
    "REVENUE":"2,293",
    "TRAVEL_ENTERTAINMENT":"",
    "EVENT_COUNT":"",
    "MEETING_COUNT":""
  },
  {
    "CLIENT_ID":"30",
    "CLIENT_NAME":"client_30",
    "LAST_TRADE_DATE":"02/01/2012 00:00:00",
    "TRADE_VOLUME":"14,762,655",
    "REVENUE":"180,982",
    "TRAVEL_ENTERTAINMENT":"",
    "EVENT_COUNT":"",
    "MEETING_COUNT":""
  },
  {
    "CLIENT_ID":"300",
    "CLIENT_NAME":"client_300",
    "LAST_TRADE_DATE":"10/28/2011 00:00:00",
    "TRADE_VOLUME":"14,145",
    "REVENUE":"130",
    "TRAVEL_ENTERTAINMENT":"",
    "EVENT_COUNT":"",
    "MEETING_COUNT":"5"
  },
  {
    "CLIENT_ID":"301",
    "CLIENT_NAME":"client_301",
    "LAST_TRADE_DATE":"01/24/2012 00:00:00",
    "TRADE_VOLUME":"38,615,164",
    "REVENUE":"158,689",
    "TRAVEL_ENTERTAINMENT":"",
    "EVENT_COUNT":"",
    "MEETING_COUNT":"13"
  },
  {
    "CLIENT_ID":"302",
    "CLIENT_NAME":"client_302",
    "LAST_TRADE_DATE":"10/28/2011 00:00:00",
    "TRADE_VOLUME":"0",
    "REVENUE":"132,500",
    "TRAVEL_ENTERTAINMENT":"",
    "EVENT_COUNT":"",
    "MEETING_COUNT":""
  },
  {
    "CLIENT_ID":"303",
    "CLIENT_NAME":"client_303",
    "LAST_TRADE_DATE":"02/01/2012 00:00:00",
    "TRADE_VOLUME":"5,379,119",
    "REVENUE":"212,008",
    "TRAVEL_ENTERTAINMENT":"",
    "EVENT_COUNT":"1",
    "MEETING_COUNT":"51"
  },
  {
    "CLIENT_ID":"304",
    "CLIENT_NAME":"client_304",
    "LAST_TRADE_DATE":"12/20/2011 00:00:00",
    "TRADE_VOLUME":"697,500",
    "REVENUE":"16,559",
    "TRAVEL_ENTERTAINMENT":"",
    "EVENT_COUNT":"",
    "MEETING_COUNT":""
  },
  {
    "CLIENT_ID":"305",
    "CLIENT_NAME":"client_305",
    "LAST_TRADE_DATE":"11/23/2011 00:00:00",
    "TRADE_VOLUME":"-2,611,173",
    "REVENUE":"57,535",
    "TRAVEL_ENTERTAINMENT":"",
    "EVENT_COUNT":"",
    "MEETING_COUNT":""
  },
  {
    "CLIENT_ID":"306",
    "CLIENT_NAME":"client_306",
    "LAST_TRADE_DATE":"01/30/2012 00:00:00",
    "TRADE_VOLUME":"3,553,665",
    "REVENUE":"281,613",
    "TRAVEL_ENTERTAINMENT":"",
    "EVENT_COUNT":"",
    "MEETING_COUNT":"24"
  },
  {
    "CLIENT_ID":"307",
    "CLIENT_NAME":"client_307",
    "LAST_TRADE_DATE":"02/01/2012 00:00:00",
    "TRADE_VOLUME":"1,977,629",
    "REVENUE":"16,159",
    "TRAVEL_ENTERTAINMENT":"6221.06",
    "EVENT_COUNT":"2",
    "MEETING_COUNT":"77"
  },
  {
    "CLIENT_ID":"308",
    "CLIENT_NAME":"client_308",
    "LAST_TRADE_DATE":"01/11/2012 00:00:00",
    "TRADE_VOLUME":"4,100",
    "REVENUE":"20,130",
    "TRAVEL_ENTERTAINMENT":"201.30",
    "EVENT_COUNT":"",
    "MEETING_COUNT":"2"
  },
  {
    "CLIENT_ID":"309",
    "CLIENT_NAME":"client_309",
    "LAST_TRADE_DATE":"11/23/2011 00:00:00",
    "TRADE_VOLUME":"3,185,000",
    "REVENUE":"34,165",
    "TRAVEL_ENTERTAINMENT":"",
    "EVENT_COUNT":"",
    "MEETING_COUNT":""
  },
  {
    "CLIENT_ID":"31",
    "CLIENT_NAME":"client_31",
    "LAST_TRADE_DATE":"09/08/2010 00:00:00",
    "TRADE_VOLUME":"0",
    "REVENUE":"1,315,799",
    "TRAVEL_ENTERTAINMENT":"",
    "EVENT_COUNT":"",
    "MEETING_COUNT":""
  },
  {
    "CLIENT_ID":"310",
    "CLIENT_NAME":"client_310",
    "LAST_TRADE_DATE":"09/30/2011 00:00:00",
    "TRADE_VOLUME":"102,828",
    "REVENUE":"1,331",
    "TRAVEL_ENTERTAINMENT":"13.31",
    "EVENT_COUNT":"",
    "MEETING_COUNT":"2"
  },
  {
    "CLIENT_ID":"311",
    "CLIENT_NAME":"client_311",
    "LAST_TRADE_DATE":"12/01/2011 00:00:00",
    "TRADE_VOLUME":"0",
    "REVENUE":"3,321",
    "TRAVEL_ENTERTAINMENT":"",
    "EVENT_COUNT":"",
    "MEETING_COUNT":""
  },
  {
    "CLIENT_ID":"312",
    "CLIENT_NAME":"client_312",
    "LAST_TRADE_DATE":"12/09/2011 00:00:00",
    "TRADE_VOLUME":"13,036,485",
    "REVENUE":"209,123",
    "TRAVEL_ENTERTAINMENT":"",
    "EVENT_COUNT":"",
    "MEETING_COUNT":"14"
  },
  {
    "CLIENT_ID":"313",
    "CLIENT_NAME":"client_313",
    "LAST_TRADE_DATE":"01/13/2012 00:00:00",
    "TRADE_VOLUME":"187,700",
    "REVENUE":"630",
    "TRAVEL_ENTERTAINMENT":"",
    "EVENT_COUNT":"",
    "MEETING_COUNT":""
  },
  {
    "CLIENT_ID":"314",
    "CLIENT_NAME":"client_314",
    "LAST_TRADE_DATE":"05/18/2011 00:00:00",
    "TRADE_VOLUME":"0",
    "REVENUE":"234",
    "TRAVEL_ENTERTAINMENT":"",
    "EVENT_COUNT":"",
    "MEETING_COUNT":""
  },
  {
    "CLIENT_ID":"315",
    "CLIENT_NAME":"client_315",
    "LAST_TRADE_DATE":"01/30/2012 00:00:00",
    "TRADE_VOLUME":"548,606",
    "REVENUE":"3,090",
    "TRAVEL_ENTERTAINMENT":"",
    "EVENT_COUNT":"",
    "MEETING_COUNT":""
  },
  {
    "CLIENT_ID":"316",
    "CLIENT_NAME":"client_316",
    "LAST_TRADE_DATE":"09/01/2011 00:00:00",
    "TRADE_VOLUME":"88,000",
    "REVENUE":"225,100",
    "TRAVEL_ENTERTAINMENT":"",
    "EVENT_COUNT":"",
    "MEETING_COUNT":""
  },
  {
    "CLIENT_ID":"317",
    "CLIENT_NAME":"client_317",
    "LAST_TRADE_DATE":"09/21/2011 00:00:00",
    "TRADE_VOLUME":"60,472",
    "REVENUE":"593",
    "TRAVEL_ENTERTAINMENT":"8.90",
    "EVENT_COUNT":"",
    "MEETING_COUNT":"3"
  },
  {
    "CLIENT_ID":"318",
    "CLIENT_NAME":"client_318",
    "LAST_TRADE_DATE":"01/31/2012 00:00:00",
    "TRADE_VOLUME":"20,822,600",
    "REVENUE":"51,853",
    "TRAVEL_ENTERTAINMENT":"",
    "EVENT_COUNT":"",
    "MEETING_COUNT":""
  },
  {
    "CLIENT_ID":"319",
    "CLIENT_NAME":"client_319",
    "LAST_TRADE_DATE":"12/31/2011 00:00:00",
    "TRADE_VOLUME":"0",
    "REVENUE":"4,285",
    "TRAVEL_ENTERTAINMENT":"",
    "EVENT_COUNT":"",
    "MEETING_COUNT":""
  },
  {
    "CLIENT_ID":"32",
    "CLIENT_NAME":"client_32",
    "LAST_TRADE_DATE":"12/10/2010 00:00:00",
    "TRADE_VOLUME":"0",
    "REVENUE":"3,680,000",
    "TRAVEL_ENTERTAINMENT":"",
    "EVENT_COUNT":"",
    "MEETING_COUNT":""
  },
  {
    "CLIENT_ID":"320",
    "CLIENT_NAME":"client_320",
    "LAST_TRADE_DATE":"01/26/2012 00:00:00",
    "TRADE_VOLUME":"2,271,937,798",
    "REVENUE":"348,253",
    "TRAVEL_ENTERTAINMENT":"",
    "EVENT_COUNT":"",
    "MEETING_COUNT":""
  },
  {
    "CLIENT_ID":"321",
    "CLIENT_NAME":"client_321",
    "LAST_TRADE_DATE":"09/06/2011 00:00:00",
    "TRADE_VOLUME":"2,000",
    "REVENUE":"1,500",
    "TRAVEL_ENTERTAINMENT":"67.50",
    "EVENT_COUNT":"",
    "MEETING_COUNT":"9"
  },
  {
    "CLIENT_ID":"322",
    "CLIENT_NAME":"client_322",
    "LAST_TRADE_DATE":"01/25/2012 00:00:00",
    "TRADE_VOLUME":"1,046,982",
    "REVENUE":"11,257",
    "TRAVEL_ENTERTAINMENT":"",
    "EVENT_COUNT":"",
    "MEETING_COUNT":""
  },
  {
    "CLIENT_ID":"323",
    "CLIENT_NAME":"client_323",
    "LAST_TRADE_DATE":"12/01/2011 00:00:00",
    "TRADE_VOLUME":"18,000",
    "REVENUE":"183",
    "TRAVEL_ENTERTAINMENT":"",
    "EVENT_COUNT":"",
    "MEETING_COUNT":""
  },
  {
    "CLIENT_ID":"324",
    "CLIENT_NAME":"client_324",
    "LAST_TRADE_DATE":"01/18/2012 00:00:00",
    "TRADE_VOLUME":"232,715",
    "REVENUE":"4,819",
    "TRAVEL_ENTERTAINMENT":"",
    "EVENT_COUNT":"",
    "MEETING_COUNT":""
  },
  {
    "CLIENT_ID":"325",
    "CLIENT_NAME":"client_325",
    "LAST_TRADE_DATE":"02/01/2012 00:00:00",
    "TRADE_VOLUME":"19,891,419",
    "REVENUE":"272,802",
    "TRAVEL_ENTERTAINMENT":"",
    "EVENT_COUNT":"3",
    "MEETING_COUNT":"147"
  },
  {
    "CLIENT_ID":"326",
    "CLIENT_NAME":"client_326",
    "LAST_TRADE_DATE":"01/11/2012 00:00:00",
    "TRADE_VOLUME":"45,541",
    "REVENUE":"158,967",
    "TRAVEL_ENTERTAINMENT":"",
    "EVENT_COUNT":"",
    "MEETING_COUNT":""
  },
  {
    "CLIENT_ID":"327",
    "CLIENT_NAME":"client_327",
    "LAST_TRADE_DATE":"01/11/2012 00:00:00",
    "TRADE_VOLUME":"673",
    "REVENUE":"161",
    "TRAVEL_ENTERTAINMENT":"",
    "EVENT_COUNT":"",
    "MEETING_COUNT":""
  },
  {
    "CLIENT_ID":"328",
    "CLIENT_NAME":"client_328",
    "LAST_TRADE_DATE":"11/25/2011 00:00:00",
    "TRADE_VOLUME":"0",
    "REVENUE":"613",
    "TRAVEL_ENTERTAINMENT":"",
    "EVENT_COUNT":"",
    "MEETING_COUNT":""
  },
  {
    "CLIENT_ID":"329",
    "CLIENT_NAME":"client_329",
    "LAST_TRADE_DATE":"02/01/2012 00:00:00",
    "TRADE_VOLUME":"6,611,855",
    "REVENUE":"89,355",
    "TRAVEL_ENTERTAINMENT":"",
    "EVENT_COUNT":"1",
    "MEETING_COUNT":"57"
  },
  {
    "CLIENT_ID":"33",
    "CLIENT_NAME":"client_33",
    "LAST_TRADE_DATE":"08/09/2011 00:00:00",
    "TRADE_VOLUME":"0",
    "REVENUE":"121",
    "TRAVEL_ENTERTAINMENT":"",
    "EVENT_COUNT":"",
    "MEETING_COUNT":""
  },
  {
    "CLIENT_ID":"330",
    "CLIENT_NAME":"client_330",
    "LAST_TRADE_DATE":"10/05/2011 00:00:00",
    "TRADE_VOLUME":"1,300,000",
    "REVENUE":"18,419",
    "TRAVEL_ENTERTAINMENT":"",
    "EVENT_COUNT":"",
    "MEETING_COUNT":""
  },
  {
    "CLIENT_ID":"331",
    "CLIENT_NAME":"client_331",
    "LAST_TRADE_DATE":"01/31/2012 00:00:00",
    "TRADE_VOLUME":"4,770,617",
    "REVENUE":"4,710",
    "TRAVEL_ENTERTAINMENT":"23.55",
    "EVENT_COUNT":"",
    "MEETING_COUNT":"1"
  },
  {
    "CLIENT_ID":"332",
    "CLIENT_NAME":"client_332",
    "LAST_TRADE_DATE":"02/01/2012 00:00:00",
    "TRADE_VOLUME":"4,111,370,176",
    "REVENUE":"1,079,456",
    "TRAVEL_ENTERTAINMENT":"",
    "EVENT_COUNT":"6",
    "MEETING_COUNT":"315"
  },
  {
    "CLIENT_ID":"333",
    "CLIENT_NAME":"client_333",
    "LAST_TRADE_DATE":"02/01/2012 00:00:00",
    "TRADE_VOLUME":"200,246,353",
    "REVENUE":"278,860",
    "TRAVEL_ENTERTAINMENT":"",
    "EVENT_COUNT":"",
    "MEETING_COUNT":""
  },
  {
    "CLIENT_ID":"334",
    "CLIENT_NAME":"client_334",
    "LAST_TRADE_DATE":"01/30/2012 00:00:00",
    "TRADE_VOLUME":"7,894,716",
    "REVENUE":"27,705",
    "TRAVEL_ENTERTAINMENT":"",
    "EVENT_COUNT":"",
    "MEETING_COUNT":""
  },
  {
    "CLIENT_ID":"335",
    "CLIENT_NAME":"client_335",
    "LAST_TRADE_DATE":"09/07/2011 00:00:00",
    "TRADE_VOLUME":"40,000",
    "REVENUE":"5,532",
    "TRAVEL_ENTERTAINMENT":"",
    "EVENT_COUNT":"",
    "MEETING_COUNT":""
  },
  {
    "CLIENT_ID":"336",
    "CLIENT_NAME":"client_336",
    "LAST_TRADE_DATE":"01/31/2012 00:00:00",
    "TRADE_VOLUME":"29,779",
    "REVENUE":"279",
    "TRAVEL_ENTERTAINMENT":"",
    "EVENT_COUNT":"",
    "MEETING_COUNT":""
  },
  {
    "CLIENT_ID":"337",
    "CLIENT_NAME":"client_337",
    "LAST_TRADE_DATE":"01/12/2012 00:00:00",
    "TRADE_VOLUME":"0",
    "REVENUE":"1,225,588",
    "TRAVEL_ENTERTAINMENT":"",
    "EVENT_COUNT":"",
    "MEETING_COUNT":""
  },
  {
    "CLIENT_ID":"338",
    "CLIENT_NAME":"client_338",
    "LAST_TRADE_DATE":"11/25/2011 00:00:00",
    "TRADE_VOLUME":"0",
    "REVENUE":"0",
    "TRAVEL_ENTERTAINMENT":"",
    "EVENT_COUNT":"",
    "MEETING_COUNT":""
  },
  {
    "CLIENT_ID":"339",
    "CLIENT_NAME":"client_339",
    "LAST_TRADE_DATE":"01/31/2012 00:00:00",
    "TRADE_VOLUME":"3,012,800",
    "REVENUE":"112,047",
    "TRAVEL_ENTERTAINMENT":"",
    "EVENT_COUNT":"",
    "MEETING_COUNT":""
  },
  {
    "CLIENT_ID":"34",
    "CLIENT_NAME":"client_34",
    "LAST_TRADE_DATE":"02/01/2012 00:00:00",
    "TRADE_VOLUME":"18,430,921",
    "REVENUE":"25,334",
    "TRAVEL_ENTERTAINMENT":"",
    "EVENT_COUNT":"",
    "MEETING_COUNT":""
  },
  {
    "CLIENT_ID":"340",
    "CLIENT_NAME":"client_340",
    "LAST_TRADE_DATE":"02/01/2012 00:00:00",
    "TRADE_VOLUME":"705,478,369",
    "REVENUE":"365,214",
    "TRAVEL_ENTERTAINMENT":"",
    "EVENT_COUNT":"",
    "MEETING_COUNT":""
  },
  {
    "CLIENT_ID":"341",
    "CLIENT_NAME":"client_341",
    "LAST_TRADE_DATE":"09/05/2011 00:00:00",
    "TRADE_VOLUME":"0",
    "REVENUE":"2,156",
    "TRAVEL_ENTERTAINMENT":"",
    "EVENT_COUNT":"",
    "MEETING_COUNT":""
  },
  {
    "CLIENT_ID":"342",
    "CLIENT_NAME":"client_342",
    "LAST_TRADE_DATE":"01/31/2012 00:00:00",
    "TRADE_VOLUME":"2,337,069",
    "REVENUE":"113,989",
    "TRAVEL_ENTERTAINMENT":"",
    "EVENT_COUNT":"",
    "MEETING_COUNT":""
  },
  {
    "CLIENT_ID":"343",
    "CLIENT_NAME":"client_343",
    "LAST_TRADE_DATE":"01/26/2012 00:00:00",
    "TRADE_VOLUME":"11,556,918",
    "REVENUE":"159,118",
    "TRAVEL_ENTERTAINMENT":"",
    "EVENT_COUNT":"1",
    "MEETING_COUNT":"34"
  },
  {
    "CLIENT_ID":"344",
    "CLIENT_NAME":"client_344",
    "LAST_TRADE_DATE":"01/09/2012 00:00:00",
    "TRADE_VOLUME":"10,490",
    "REVENUE":"45,502",
    "TRAVEL_ENTERTAINMENT":"",
    "EVENT_COUNT":"",
    "MEETING_COUNT":""
  },
  {
    "CLIENT_ID":"345",
    "CLIENT_NAME":"client_345",
    "LAST_TRADE_DATE":"01/30/2012 00:00:00",
    "TRADE_VOLUME":"64,927,389",
    "REVENUE":"1,153,784",
    "TRAVEL_ENTERTAINMENT":"",
    "EVENT_COUNT":"4",
    "MEETING_COUNT":"197"
  },
  {
    "CLIENT_ID":"346",
    "CLIENT_NAME":"client_346",
    "LAST_TRADE_DATE":"02/01/2012 00:00:00",
    "TRADE_VOLUME":"148,493,574",
    "REVENUE":"500,341",
    "TRAVEL_ENTERTAINMENT":"",
    "EVENT_COUNT":"4",
    "MEETING_COUNT":"205"
  },
  {
    "CLIENT_ID":"347",
    "CLIENT_NAME":"client_347",
    "LAST_TRADE_DATE":"01/31/2012 00:00:00",
    "TRADE_VOLUME":"22,683,500",
    "REVENUE":"42,249",
    "TRAVEL_ENTERTAINMENT":"",
    "EVENT_COUNT":"",
    "MEETING_COUNT":""
  },
  {
    "CLIENT_ID":"348",
    "CLIENT_NAME":"client_348",
    "LAST_TRADE_DATE":"01/10/2012 00:00:00",
    "TRADE_VOLUME":"1,032,957",
    "REVENUE":"19,425",
    "TRAVEL_ENTERTAINMENT":"485.61",
    "EVENT_COUNT":"",
    "MEETING_COUNT":"5"
  },
  {
    "CLIENT_ID":"349",
    "CLIENT_NAME":"client_349",
    "LAST_TRADE_DATE":"02/01/2012 00:00:00",
    "TRADE_VOLUME":"122,719,775",
    "REVENUE":"71,843",
    "TRAVEL_ENTERTAINMENT":"",
    "EVENT_COUNT":"",
    "MEETING_COUNT":"24"
  },
  {
    "CLIENT_ID":"35",
    "CLIENT_NAME":"client_35",
    "LAST_TRADE_DATE":"12/02/2011 00:00:00",
    "TRADE_VOLUME":"1,119,923",
    "REVENUE":"22,398",
    "TRAVEL_ENTERTAINMENT":"",
    "EVENT_COUNT":"",
    "MEETING_COUNT":""
  },
  {
    "CLIENT_ID":"350",
    "CLIENT_NAME":"client_350",
    "LAST_TRADE_DATE":"08/15/2011 00:00:00",
    "TRADE_VOLUME":"30,920,115",
    "REVENUE":"135,478",
    "TRAVEL_ENTERTAINMENT":"",
    "EVENT_COUNT":"",
    "MEETING_COUNT":""
  },
  {
    "CLIENT_ID":"351",
    "CLIENT_NAME":"client_351",
    "LAST_TRADE_DATE":"02/01/2012 00:00:00",
    "TRADE_VOLUME":"4,444,294",
    "REVENUE":"2,730,398",
    "TRAVEL_ENTERTAINMENT":"",
    "EVENT_COUNT":"",
    "MEETING_COUNT":""
  },
  {
    "CLIENT_ID":"352",
    "CLIENT_NAME":"client_352",
    "LAST_TRADE_DATE":"01/30/2012 00:00:00",
    "TRADE_VOLUME":"6,442,243",
    "REVENUE":"65,483",
    "TRAVEL_ENTERTAINMENT":"",
    "EVENT_COUNT":"2",
    "MEETING_COUNT":"97"
  },
  {
    "CLIENT_ID":"353",
    "CLIENT_NAME":"client_353",
    "LAST_TRADE_DATE":"01/26/2012 00:00:00",
    "TRADE_VOLUME":"1,114,290",
    "REVENUE":"10,620",
    "TRAVEL_ENTERTAINMENT":"796.51",
    "EVENT_COUNT":"",
    "MEETING_COUNT":"15"
  },
  {
    "CLIENT_ID":"354",
    "CLIENT_NAME":"client_354",
    "LAST_TRADE_DATE":"01/27/2012 00:00:00",
    "TRADE_VOLUME":"8,219,160",
    "REVENUE":"27,699",
    "TRAVEL_ENTERTAINMENT":"",
    "EVENT_COUNT":"",
    "MEETING_COUNT":""
  },
  {
    "CLIENT_ID":"355",
    "CLIENT_NAME":"client_355",
    "LAST_TRADE_DATE":"02/01/2012 00:00:00",
    "TRADE_VOLUME":"1,167,315,877",
    "REVENUE":"1,960,336",
    "TRAVEL_ENTERTAINMENT":"",
    "EVENT_COUNT":"2",
    "MEETING_COUNT":"114"
  },
  {
    "CLIENT_ID":"356",
    "CLIENT_NAME":"client_356",
    "LAST_TRADE_DATE":"01/13/2012 00:00:00",
    "TRADE_VOLUME":"25,555,929",
    "REVENUE":"152,877",
    "TRAVEL_ENTERTAINMENT":"",
    "EVENT_COUNT":"",
    "MEETING_COUNT":""
  },
  {
    "CLIENT_ID":"357",
    "CLIENT_NAME":"client_357",
    "LAST_TRADE_DATE":"01/26/2012 00:00:00",
    "TRADE_VOLUME":"1,153,383,364",
    "REVENUE":"-233,012",
    "TRAVEL_ENTERTAINMENT":"",
    "EVENT_COUNT":"",
    "MEETING_COUNT":""
  },
  {
    "CLIENT_ID":"358",
    "CLIENT_NAME":"client_358",
    "LAST_TRADE_DATE":"10/04/2011 00:00:00",
    "TRADE_VOLUME":"3,907,123",
    "REVENUE":"992,019",
    "TRAVEL_ENTERTAINMENT":"",
    "EVENT_COUNT":"",
    "MEETING_COUNT":""
  },
  {
    "CLIENT_ID":"359",
    "CLIENT_NAME":"client_359",
    "LAST_TRADE_DATE":"08/03/2011 00:00:00",
    "TRADE_VOLUME":"2,070,680",
    "REVENUE":"19,170",
    "TRAVEL_ENTERTAINMENT":"",
    "EVENT_COUNT":"",
    "MEETING_COUNT":""
  },
  {
    "CLIENT_ID":"36",
    "CLIENT_NAME":"client_36",
    "LAST_TRADE_DATE":"02/01/2012 00:00:00",
    "TRADE_VOLUME":"111,616,082",
    "REVENUE":"3,916,727",
    "TRAVEL_ENTERTAINMENT":"39167.27",
    "EVENT_COUNT":"13",
    "MEETING_COUNT":"659"
  },
  {
    "CLIENT_ID":"360",
    "CLIENT_NAME":"client_360",
    "LAST_TRADE_DATE":"01/25/2012 00:00:00",
    "TRADE_VOLUME":"595,793",
    "REVENUE":"64,185",
    "TRAVEL_ENTERTAINMENT":"",
    "EVENT_COUNT":"",
    "MEETING_COUNT":""
  },
  {
    "CLIENT_ID":"361",
    "CLIENT_NAME":"client_361",
    "LAST_TRADE_DATE":"01/25/2012 00:00:00",
    "TRADE_VOLUME":"1,340,557",
    "REVENUE":"65,697",
    "TRAVEL_ENTERTAINMENT":"",
    "EVENT_COUNT":"",
    "MEETING_COUNT":""
  },
  {
    "CLIENT_ID":"362",
    "CLIENT_NAME":"client_362",
    "LAST_TRADE_DATE":"08/15/2011 00:00:00",
    "TRADE_VOLUME":"0",
    "REVENUE":"3,096",
    "TRAVEL_ENTERTAINMENT":"",
    "EVENT_COUNT":"",
    "MEETING_COUNT":""
  },
  {
    "CLIENT_ID":"363",
    "CLIENT_NAME":"client_363",
    "LAST_TRADE_DATE":"08/02/2011 00:00:00",
    "TRADE_VOLUME":"0",
    "REVENUE":"137",
    "TRAVEL_ENTERTAINMENT":"",
    "EVENT_COUNT":"",
    "MEETING_COUNT":""
  },
  {
    "CLIENT_ID":"364",
    "CLIENT_NAME":"client_364",
    "LAST_TRADE_DATE":"08/15/2011 00:00:00",
    "TRADE_VOLUME":"234,000",
    "REVENUE":"2,670",
    "TRAVEL_ENTERTAINMENT":"26.70",
    "EVENT_COUNT":"",
    "MEETING_COUNT":"2"
  },
  {
    "CLIENT_ID":"365",
    "CLIENT_NAME":"client_365",
    "LAST_TRADE_DATE":"12/01/2011 00:00:00",
    "TRADE_VOLUME":"0",
    "REVENUE":"42,470",
    "TRAVEL_ENTERTAINMENT":"",
    "EVENT_COUNT":"",
    "MEETING_COUNT":""
  },
  {
    "CLIENT_ID":"366",
    "CLIENT_NAME":"client_366",
    "LAST_TRADE_DATE":"12/05/2011 00:00:00",
    "TRADE_VOLUME":"80,827",
    "REVENUE":"613",
    "TRAVEL_ENTERTAINMENT":"",
    "EVENT_COUNT":"",
    "MEETING_COUNT":""
  },
  {
    "CLIENT_ID":"367",
    "CLIENT_NAME":"client_367",
    "LAST_TRADE_DATE":"11/01/2011 00:00:00",
    "TRADE_VOLUME":"0",
    "REVENUE":"2,968",
    "TRAVEL_ENTERTAINMENT":"",
    "EVENT_COUNT":"",
    "MEETING_COUNT":""
  },
  {
    "CLIENT_ID":"368",
    "CLIENT_NAME":"client_368",
    "LAST_TRADE_DATE":"01/18/2012 00:00:00",
    "TRADE_VOLUME":"27,161",
    "REVENUE":"102,683",
    "TRAVEL_ENTERTAINMENT":"",
    "EVENT_COUNT":"",
    "MEETING_COUNT":""
  },
  {
    "CLIENT_ID":"369",
    "CLIENT_NAME":"client_369",
    "LAST_TRADE_DATE":"01/17/2012 00:00:00",
    "TRADE_VOLUME":"20",
    "REVENUE":"683",
    "TRAVEL_ENTERTAINMENT":"",
    "EVENT_COUNT":"",
    "MEETING_COUNT":""
  },
  {
    "CLIENT_ID":"37",
    "CLIENT_NAME":"client_37",
    "LAST_TRADE_DATE":"09/21/2011 00:00:00",
    "TRADE_VOLUME":"320,000",
    "REVENUE":"1,344",
    "TRAVEL_ENTERTAINMENT":"6.72",
    "EVENT_COUNT":"",
    "MEETING_COUNT":"1"
  },
  {
    "CLIENT_ID":"370",
    "CLIENT_NAME":"client_370",
    "LAST_TRADE_DATE":"11/10/2011 00:00:00",
    "TRADE_VOLUME":"0",
    "REVENUE":"41,971",
    "TRAVEL_ENTERTAINMENT":"",
    "EVENT_COUNT":"",
    "MEETING_COUNT":"2"
  },
  {
    "CLIENT_ID":"371",
    "CLIENT_NAME":"client_371",
    "LAST_TRADE_DATE":"11/30/2011 00:00:00",
    "TRADE_VOLUME":"0",
    "REVENUE":"140",
    "TRAVEL_ENTERTAINMENT":"",
    "EVENT_COUNT":"",
    "MEETING_COUNT":""
  },
  {
    "CLIENT_ID":"372",
    "CLIENT_NAME":"client_372",
    "LAST_TRADE_DATE":"12/31/2011 00:00:00",
    "TRADE_VOLUME":"0",
    "REVENUE":"28,218",
    "TRAVEL_ENTERTAINMENT":"",
    "EVENT_COUNT":"",
    "MEETING_COUNT":""
  },
  {
    "CLIENT_ID":"373",
    "CLIENT_NAME":"client_373",
    "LAST_TRADE_DATE":"02/01/2012 00:00:00",
    "TRADE_VOLUME":"851,952",
    "REVENUE":"36,955",
    "TRAVEL_ENTERTAINMENT":"",
    "EVENT_COUNT":"",
    "MEETING_COUNT":"14"
  },
  {
    "CLIENT_ID":"374",
    "CLIENT_NAME":"client_374",
    "LAST_TRADE_DATE":"12/31/2011 00:00:00",
    "TRADE_VOLUME":"0",
    "REVENUE":"11,620",
    "TRAVEL_ENTERTAINMENT":"",
    "EVENT_COUNT":"",
    "MEETING_COUNT":""
  },
  {
    "CLIENT_ID":"375",
    "CLIENT_NAME":"client_375",
    "LAST_TRADE_DATE":"01/31/2012 00:00:00",
    "TRADE_VOLUME":"371,294",
    "REVENUE":"13,392",
    "TRAVEL_ENTERTAINMENT":"66.96",
    "EVENT_COUNT":"",
    "MEETING_COUNT":"1"
  },
  {
    "CLIENT_ID":"376",
    "CLIENT_NAME":"client_376",
    "LAST_TRADE_DATE":"01/25/2012 00:00:00",
    "TRADE_VOLUME":"2,720",
    "REVENUE":"27,523",
    "TRAVEL_ENTERTAINMENT":"",
    "EVENT_COUNT":"",
    "MEETING_COUNT":""
  },
  {
    "CLIENT_ID":"377",
    "CLIENT_NAME":"client_377",
    "LAST_TRADE_DATE":"12/31/2011 00:00:00",
    "TRADE_VOLUME":"0",
    "REVENUE":"106",
    "TRAVEL_ENTERTAINMENT":"",
    "EVENT_COUNT":"",
    "MEETING_COUNT":""
  },
  {
    "CLIENT_ID":"378",
    "CLIENT_NAME":"client_378",
    "LAST_TRADE_DATE":"01/23/2012 00:00:00",
    "TRADE_VOLUME":"5,250",
    "REVENUE":"0",
    "TRAVEL_ENTERTAINMENT":"",
    "EVENT_COUNT":"",
    "MEETING_COUNT":""
  },
  {
    "CLIENT_ID":"379",
    "CLIENT_NAME":"client_379",
    "LAST_TRADE_DATE":"08/25/2011 00:00:00",
    "TRADE_VOLUME":"6,000",
    "REVENUE":"18,000",
    "TRAVEL_ENTERTAINMENT":"",
    "EVENT_COUNT":"",
    "MEETING_COUNT":""
  },
  {
    "CLIENT_ID":"38",
    "CLIENT_NAME":"client_38",
    "LAST_TRADE_DATE":"01/26/2012 00:00:00",
    "TRADE_VOLUME":"3,041,350,349",
    "REVENUE":"313,661",
    "TRAVEL_ENTERTAINMENT":"",
    "EVENT_COUNT":"",
    "MEETING_COUNT":""
  },
  {
    "CLIENT_ID":"380",
    "CLIENT_NAME":"client_380",
    "LAST_TRADE_DATE":"10/20/2011 00:00:00",
    "TRADE_VOLUME":"23,406",
    "REVENUE":"5,112",
    "TRAVEL_ENTERTAINMENT":"102.25",
    "EVENT_COUNT":"",
    "MEETING_COUNT":"4"
  },
  {
    "CLIENT_ID":"381",
    "CLIENT_NAME":"client_381",
    "LAST_TRADE_DATE":"01/20/2012 00:00:00",
    "TRADE_VOLUME":"2,235,562",
    "REVENUE":"34,292",
    "TRAVEL_ENTERTAINMENT":"",
    "EVENT_COUNT":"1",
    "MEETING_COUNT":"28"
  },
  {
    "CLIENT_ID":"382",
    "CLIENT_NAME":"client_382",
    "LAST_TRADE_DATE":"01/27/2012 00:00:00",
    "TRADE_VOLUME":"389,000",
    "REVENUE":"6,730",
    "TRAVEL_ENTERTAINMENT":"",
    "EVENT_COUNT":"",
    "MEETING_COUNT":""
  },
  {
    "CLIENT_ID":"383",
    "CLIENT_NAME":"client_383",
    "LAST_TRADE_DATE":"10/21/2011 00:00:00",
    "TRADE_VOLUME":"0",
    "REVENUE":"-38,050",
    "TRAVEL_ENTERTAINMENT":"",
    "EVENT_COUNT":"",
    "MEETING_COUNT":""
  },
  {
    "CLIENT_ID":"384",
    "CLIENT_NAME":"client_384",
    "LAST_TRADE_DATE":"10/21/2011 00:00:00",
    "TRADE_VOLUME":"0",
    "REVENUE":"79,487",
    "TRAVEL_ENTERTAINMENT":"",
    "EVENT_COUNT":"",
    "MEETING_COUNT":""
  },
  {
    "CLIENT_ID":"385",
    "CLIENT_NAME":"client_385",
    "LAST_TRADE_DATE":"10/21/2011 00:00:00",
    "TRADE_VOLUME":"0",
    "REVENUE":"-10,140",
    "TRAVEL_ENTERTAINMENT":"",
    "EVENT_COUNT":"",
    "MEETING_COUNT":""
  },
  {
    "CLIENT_ID":"386",
    "CLIENT_NAME":"client_386",
    "LAST_TRADE_DATE":"01/19/2012 00:00:00",
    "TRADE_VOLUME":"3,642,422",
    "REVENUE":"33,960",
    "TRAVEL_ENTERTAINMENT":"",
    "EVENT_COUNT":"",
    "MEETING_COUNT":""
  },
  {
    "CLIENT_ID":"387",
    "CLIENT_NAME":"client_387",
    "LAST_TRADE_DATE":"01/30/2012 00:00:00",
    "TRADE_VOLUME":"10,153",
    "REVENUE":"876,727",
    "TRAVEL_ENTERTAINMENT":"",
    "EVENT_COUNT":"",
    "MEETING_COUNT":""
  },
  {
    "CLIENT_ID":"388",
    "CLIENT_NAME":"client_388",
    "LAST_TRADE_DATE":"01/26/2012 00:00:00",
    "TRADE_VOLUME":"4,991,150",
    "REVENUE":"32,520",
    "TRAVEL_ENTERTAINMENT":"",
    "EVENT_COUNT":"",
    "MEETING_COUNT":""
  },
  {
    "CLIENT_ID":"389",
    "CLIENT_NAME":"client_389",
    "LAST_TRADE_DATE":"12/31/2011 00:00:00",
    "TRADE_VOLUME":"1,670",
    "REVENUE":"10,022",
    "TRAVEL_ENTERTAINMENT":"",
    "EVENT_COUNT":"",
    "MEETING_COUNT":""
  },
  {
    "CLIENT_ID":"39",
    "CLIENT_NAME":"client_39",
    "LAST_TRADE_DATE":"10/19/2011 00:00:00",
    "TRADE_VOLUME":"16,250",
    "REVENUE":"3,106",
    "TRAVEL_ENTERTAINMENT":"",
    "EVENT_COUNT":"",
    "MEETING_COUNT":""
  },
  {
    "CLIENT_ID":"390",
    "CLIENT_NAME":"client_390",
    "LAST_TRADE_DATE":"01/30/2012 00:00:00",
    "TRADE_VOLUME":"1,024,610",
    "REVENUE":"10,246",
    "TRAVEL_ENTERTAINMENT":"",
    "EVENT_COUNT":"",
    "MEETING_COUNT":""
  },
  {
    "CLIENT_ID":"391",
    "CLIENT_NAME":"client_391",
    "LAST_TRADE_DATE":"01/11/2012 00:00:00",
    "TRADE_VOLUME":"4,821,400",
    "REVENUE":"13,500",
    "TRAVEL_ENTERTAINMENT":"",
    "EVENT_COUNT":"",
    "MEETING_COUNT":""
  },
  {
    "CLIENT_ID":"392",
    "CLIENT_NAME":"client_392",
    "LAST_TRADE_DATE":"01/31/2012 00:00:00",
    "TRADE_VOLUME":"2,025,980",
    "REVENUE":"54,924",
    "TRAVEL_ENTERTAINMENT":"",
    "EVENT_COUNT":"",
    "MEETING_COUNT":""
  },
  {
    "CLIENT_ID":"393",
    "CLIENT_NAME":"client_393",
    "LAST_TRADE_DATE":"08/12/2011 00:00:00",
    "TRADE_VOLUME":"11,000",
    "REVENUE":"146",
    "TRAVEL_ENTERTAINMENT":"",
    "EVENT_COUNT":"",
    "MEETING_COUNT":""
  },
  {
    "CLIENT_ID":"394",
    "CLIENT_NAME":"client_394",
    "LAST_TRADE_DATE":"09/20/2011 00:00:00",
    "TRADE_VOLUME":"0",
    "REVENUE":"64,531",
    "TRAVEL_ENTERTAINMENT":"",
    "EVENT_COUNT":"",
    "MEETING_COUNT":""
  },
  {
    "CLIENT_ID":"395",
    "CLIENT_NAME":"client_395",
    "LAST_TRADE_DATE":"01/25/2012 00:00:00",
    "TRADE_VOLUME":"5,884,756",
    "REVENUE":"0",
    "TRAVEL_ENTERTAINMENT":"",
    "EVENT_COUNT":"",
    "MEETING_COUNT":""
  },
  {
    "CLIENT_ID":"396",
    "CLIENT_NAME":"client_396",
    "LAST_TRADE_DATE":"01/05/2012 00:00:00",
    "TRADE_VOLUME":"210",
    "REVENUE":"36,148",
    "TRAVEL_ENTERTAINMENT":"",
    "EVENT_COUNT":"",
    "MEETING_COUNT":""
  },
  {
    "CLIENT_ID":"397",
    "CLIENT_NAME":"client_397",
    "LAST_TRADE_DATE":"12/31/2011 00:00:00",
    "TRADE_VOLUME":"0",
    "REVENUE":"-8,241",
    "TRAVEL_ENTERTAINMENT":"",
    "EVENT_COUNT":"",
    "MEETING_COUNT":""
  },
  {
    "CLIENT_ID":"398",
    "CLIENT_NAME":"client_398",
    "LAST_TRADE_DATE":"12/31/2011 00:00:00",
    "TRADE_VOLUME":"11,000",
    "REVENUE":"33,553",
    "TRAVEL_ENTERTAINMENT":"",
    "EVENT_COUNT":"",
    "MEETING_COUNT":"5"
  },
  {
    "CLIENT_ID":"399",
    "CLIENT_NAME":"client_399",
    "LAST_TRADE_DATE":"01/23/2012 00:00:00",
    "TRADE_VOLUME":"1,052,000",
    "REVENUE":"39,363",
    "TRAVEL_ENTERTAINMENT":"",
    "EVENT_COUNT":"",
    "MEETING_COUNT":""
  },
  {
    "CLIENT_ID":"4",
    "CLIENT_NAME":"client_4",
    "LAST_TRADE_DATE":"12/29/2011 00:00:00",
    "TRADE_VOLUME":"312,806",
    "REVENUE":"2,161",
    "TRAVEL_ENTERTAINMENT":"",
    "EVENT_COUNT":"",
    "MEETING_COUNT":""
  },
  {
    "CLIENT_ID":"40",
    "CLIENT_NAME":"client_40",
    "LAST_TRADE_DATE":"01/31/2012 00:00:00",
    "TRADE_VOLUME":"1,995,237",
    "REVENUE":"199,842",
    "TRAVEL_ENTERTAINMENT":"",
    "EVENT_COUNT":"",
    "MEETING_COUNT":"5"
  },
  {
    "CLIENT_ID":"400",
    "CLIENT_NAME":"client_400",
    "LAST_TRADE_DATE":"12/07/2011 00:00:00",
    "TRADE_VOLUME":"1,160,000",
    "REVENUE":"12,776",
    "TRAVEL_ENTERTAINMENT":"",
    "EVENT_COUNT":"",
    "MEETING_COUNT":""
  },
  {
    "CLIENT_ID":"401",
    "CLIENT_NAME":"client_401",
    "LAST_TRADE_DATE":"01/20/2012 00:00:00",
    "TRADE_VOLUME":"277,247",
    "REVENUE":"16,484",
    "TRAVEL_ENTERTAINMENT":"",
    "EVENT_COUNT":"",
    "MEETING_COUNT":""
  },
  {
    "CLIENT_ID":"402",
    "CLIENT_NAME":"client_402",
    "LAST_TRADE_DATE":"01/19/2012 00:00:00",
    "TRADE_VOLUME":"16,560,000",
    "REVENUE":"48,026",
    "TRAVEL_ENTERTAINMENT":"",
    "EVENT_COUNT":"1",
    "MEETING_COUNT":"40"
  },
  {
    "CLIENT_ID":"403",
    "CLIENT_NAME":"client_403",
    "LAST_TRADE_DATE":"08/18/2011 00:00:00",
    "TRADE_VOLUME":"197,000",
    "REVENUE":"8,741",
    "TRAVEL_ENTERTAINMENT":"",
    "EVENT_COUNT":"",
    "MEETING_COUNT":""
  },
  {
    "CLIENT_ID":"404",
    "CLIENT_NAME":"client_404",
    "LAST_TRADE_DATE":"01/06/2012 00:00:00",
    "TRADE_VOLUME":"220,000",
    "REVENUE":"1,725",
    "TRAVEL_ENTERTAINMENT":"",
    "EVENT_COUNT":"",
    "MEETING_COUNT":""
  },
  {
    "CLIENT_ID":"405",
    "CLIENT_NAME":"client_405",
    "LAST_TRADE_DATE":"01/16/2012 00:00:00",
    "TRADE_VOLUME":"675,900",
    "REVENUE":"8,292",
    "TRAVEL_ENTERTAINMENT":"870.65",
    "EVENT_COUNT":"",
    "MEETING_COUNT":"21"
  },
  {
    "CLIENT_ID":"406",
    "CLIENT_NAME":"client_406",
    "LAST_TRADE_DATE":"08/25/2011 00:00:00",
    "TRADE_VOLUME":"0",
    "REVENUE":"0",
    "TRAVEL_ENTERTAINMENT":"",
    "EVENT_COUNT":"",
    "MEETING_COUNT":""
  },
  {
    "CLIENT_ID":"407",
    "CLIENT_NAME":"client_407",
    "LAST_TRADE_DATE":"01/24/2012 00:00:00",
    "TRADE_VOLUME":"5,755,029",
    "REVENUE":"10,726",
    "TRAVEL_ENTERTAINMENT":"",
    "EVENT_COUNT":"",
    "MEETING_COUNT":""
  },
  {
    "CLIENT_ID":"408",
    "CLIENT_NAME":"client_408",
    "LAST_TRADE_DATE":"02/01/2012 00:00:00",
    "TRADE_VOLUME":"18,338,606",
    "REVENUE":"8,757",
    "TRAVEL_ENTERTAINMENT":"43.78",
    "EVENT_COUNT":"",
    "MEETING_COUNT":"1"
  },
  {
    "CLIENT_ID":"409",
    "CLIENT_NAME":"client_409",
    "LAST_TRADE_DATE":"12/05/2011 00:00:00",
    "TRADE_VOLUME":"8,000,000",
    "REVENUE":"10,000",
    "TRAVEL_ENTERTAINMENT":"",
    "EVENT_COUNT":"",
    "MEETING_COUNT":""
  },
  {
    "CLIENT_ID":"41",
    "CLIENT_NAME":"client_41",
    "LAST_TRADE_DATE":"02/01/2012 00:00:00",
    "TRADE_VOLUME":"468,576,619",
    "REVENUE":"300,734",
    "TRAVEL_ENTERTAINMENT":"",
    "EVENT_COUNT":"",
    "MEETING_COUNT":"5"
  },
  {
    "CLIENT_ID":"410",
    "CLIENT_NAME":"client_410",
    "LAST_TRADE_DATE":"01/26/2012 00:00:00",
    "TRADE_VOLUME":"16,094,800",
    "REVENUE":"46,622",
    "TRAVEL_ENTERTAINMENT":"",
    "EVENT_COUNT":"",
    "MEETING_COUNT":"15"
  },
  {
    "CLIENT_ID":"411",
    "CLIENT_NAME":"client_411",
    "LAST_TRADE_DATE":"02/01/2012 00:00:00",
    "TRADE_VOLUME":"858,580",
    "REVENUE":"50,641",
    "TRAVEL_ENTERTAINMENT":"",
    "EVENT_COUNT":"",
    "MEETING_COUNT":"5"
  },
  {
    "CLIENT_ID":"412",
    "CLIENT_NAME":"client_412",
    "LAST_TRADE_DATE":"01/30/2012 00:00:00",
    "TRADE_VOLUME":"3,232,818",
    "REVENUE":"112,010",
    "TRAVEL_ENTERTAINMENT":"",
    "EVENT_COUNT":"",
    "MEETING_COUNT":""
  },
  {
    "CLIENT_ID":"413",
    "CLIENT_NAME":"client_413",
    "LAST_TRADE_DATE":"02/01/2012 00:00:00",
    "TRADE_VOLUME":"23,610,000",
    "REVENUE":"57,776",
    "TRAVEL_ENTERTAINMENT":"",
    "EVENT_COUNT":"",
    "MEETING_COUNT":""
  },
  {
    "CLIENT_ID":"414",
    "CLIENT_NAME":"client_414",
    "LAST_TRADE_DATE":"09/14/2011 00:00:00",
    "TRADE_VOLUME":"0",
    "REVENUE":"0",
    "TRAVEL_ENTERTAINMENT":"",
    "EVENT_COUNT":"",
    "MEETING_COUNT":""
  },
  {
    "CLIENT_ID":"415",
    "CLIENT_NAME":"client_415",
    "LAST_TRADE_DATE":"08/31/2011 00:00:00",
    "TRADE_VOLUME":"6,000,000",
    "REVENUE":"384,948",
    "TRAVEL_ENTERTAINMENT":"",
    "EVENT_COUNT":"",
    "MEETING_COUNT":""
  },
  {
    "CLIENT_ID":"416",
    "CLIENT_NAME":"client_416",
    "LAST_TRADE_DATE":"08/31/2011 00:00:00",
    "TRADE_VOLUME":"59,000,000",
    "REVENUE":"3,761,781",
    "TRAVEL_ENTERTAINMENT":"",
    "EVENT_COUNT":"",
    "MEETING_COUNT":""
  },
  {
    "CLIENT_ID":"417",
    "CLIENT_NAME":"client_417",
    "LAST_TRADE_DATE":"01/20/2012 00:00:00",
    "TRADE_VOLUME":"2,781,176",
    "REVENUE":"26,642",
    "TRAVEL_ENTERTAINMENT":"532.85",
    "EVENT_COUNT":"",
    "MEETING_COUNT":"4"
  },
  {
    "CLIENT_ID":"418",
    "CLIENT_NAME":"client_418",
    "LAST_TRADE_DATE":"01/26/2012 00:00:00",
    "TRADE_VOLUME":"17,246,376",
    "REVENUE":"156,850",
    "TRAVEL_ENTERTAINMENT":"",
    "EVENT_COUNT":"1",
    "MEETING_COUNT":"36"
  },
  {
    "CLIENT_ID":"419",
    "CLIENT_NAME":"client_419",
    "LAST_TRADE_DATE":"09/02/2011 00:00:00",
    "TRADE_VOLUME":"0",
    "REVENUE":"209,898",
    "TRAVEL_ENTERTAINMENT":"",
    "EVENT_COUNT":"",
    "MEETING_COUNT":""
  },
  {
    "CLIENT_ID":"42",
    "CLIENT_NAME":"client_42",
    "LAST_TRADE_DATE":"12/12/2011 00:00:00",
    "TRADE_VOLUME":"170,000",
    "REVENUE":"6,311",
    "TRAVEL_ENTERTAINMENT":"157.77",
    "EVENT_COUNT":"",
    "MEETING_COUNT":"5"
  },
  {
    "CLIENT_ID":"420",
    "CLIENT_NAME":"client_420",
    "LAST_TRADE_DATE":"09/06/2011 00:00:00",
    "TRADE_VOLUME":"0",
    "REVENUE":"0",
    "TRAVEL_ENTERTAINMENT":"",
    "EVENT_COUNT":"",
    "MEETING_COUNT":"3"
  },
  {
    "CLIENT_ID":"421",
    "CLIENT_NAME":"client_421",
    "LAST_TRADE_DATE":"09/06/2011 00:00:00",
    "TRADE_VOLUME":"0",
    "REVENUE":"0",
    "TRAVEL_ENTERTAINMENT":"",
    "EVENT_COUNT":"",
    "MEETING_COUNT":""
  },
  {
    "CLIENT_ID":"422",
    "CLIENT_NAME":"client_422",
    "LAST_TRADE_DATE":"01/27/2012 00:00:00",
    "TRADE_VOLUME":"28,515",
    "REVENUE":"2,172",
    "TRAVEL_ENTERTAINMENT":"",
    "EVENT_COUNT":"",
    "MEETING_COUNT":""
  },
  {
    "CLIENT_ID":"423",
    "CLIENT_NAME":"client_423",
    "LAST_TRADE_DATE":"01/30/2012 00:00:00",
    "TRADE_VOLUME":"50,638",
    "REVENUE":"78,926",
    "TRAVEL_ENTERTAINMENT":"",
    "EVENT_COUNT":"",
    "MEETING_COUNT":"2"
  },
  {
    "CLIENT_ID":"424",
    "CLIENT_NAME":"client_424",
    "LAST_TRADE_DATE":"11/25/2011 00:00:00",
    "TRADE_VOLUME":"728,530,276",
    "REVENUE":"2,351,093",
    "TRAVEL_ENTERTAINMENT":"",
    "EVENT_COUNT":"",
    "MEETING_COUNT":""
  },
  {
    "CLIENT_ID":"425",
    "CLIENT_NAME":"client_425",
    "LAST_TRADE_DATE":"09/12/2011 00:00:00",
    "TRADE_VOLUME":"0",
    "REVENUE":"0",
    "TRAVEL_ENTERTAINMENT":"",
    "EVENT_COUNT":"",
    "MEETING_COUNT":""
  },
  {
    "CLIENT_ID":"426",
    "CLIENT_NAME":"client_426",
    "LAST_TRADE_DATE":"07/28/2011 00:00:00",
    "TRADE_VOLUME":"0",
    "REVENUE":"34,800",
    "TRAVEL_ENTERTAINMENT":"",
    "EVENT_COUNT":"",
    "MEETING_COUNT":""
  },
  {
    "CLIENT_ID":"427",
    "CLIENT_NAME":"client_427",
    "LAST_TRADE_DATE":"10/27/2011 00:00:00",
    "TRADE_VOLUME":"2,000,000",
    "REVENUE":"4,577",
    "TRAVEL_ENTERTAINMENT":"",
    "EVENT_COUNT":"",
    "MEETING_COUNT":""
  },
  {
    "CLIENT_ID":"428",
    "CLIENT_NAME":"client_428",
    "LAST_TRADE_DATE":"01/31/2012 00:00:00",
    "TRADE_VOLUME":"7,506,664",
    "REVENUE":"17,324",
    "TRAVEL_ENTERTAINMENT":"",
    "EVENT_COUNT":"",
    "MEETING_COUNT":""
  },
  {
    "CLIENT_ID":"429",
    "CLIENT_NAME":"client_429",
    "LAST_TRADE_DATE":"01/23/2012 00:00:00",
    "TRADE_VOLUME":"3,382,462",
    "REVENUE":"64,868",
    "TRAVEL_ENTERTAINMENT":"",
    "EVENT_COUNT":"",
    "MEETING_COUNT":"10"
  },
  {
    "CLIENT_ID":"43",
    "CLIENT_NAME":"client_43",
    "LAST_TRADE_DATE":"02/01/2012 00:00:00",
    "TRADE_VOLUME":"70,781,001",
    "REVENUE":"825,692",
    "TRAVEL_ENTERTAINMENT":"",
    "EVENT_COUNT":"1",
    "MEETING_COUNT":"37"
  },
  {
    "CLIENT_ID":"430",
    "CLIENT_NAME":"client_430",
    "LAST_TRADE_DATE":"02/01/2012 00:00:00",
    "TRADE_VOLUME":"185,189,000",
    "REVENUE":"25,576",
    "TRAVEL_ENTERTAINMENT":"",
    "EVENT_COUNT":"",
    "MEETING_COUNT":""
  },
  {
    "CLIENT_ID":"431",
    "CLIENT_NAME":"client_431",
    "LAST_TRADE_DATE":"01/11/2012 00:00:00",
    "TRADE_VOLUME":"254,097",
    "REVENUE":"8,979",
    "TRAVEL_ENTERTAINMENT":"942.80",
    "EVENT_COUNT":"",
    "MEETING_COUNT":"21"
  },
  {
    "CLIENT_ID":"432",
    "CLIENT_NAME":"client_432",
    "LAST_TRADE_DATE":"09/12/2011 00:00:00",
    "TRADE_VOLUME":"500,000",
    "REVENUE":"1,250",
    "TRAVEL_ENTERTAINMENT":"",
    "EVENT_COUNT":"",
    "MEETING_COUNT":""
  },
  {
    "CLIENT_ID":"433",
    "CLIENT_NAME":"client_433",
    "LAST_TRADE_DATE":"01/06/2012 00:00:00",
    "TRADE_VOLUME":"3,697,800",
    "REVENUE":"6,470",
    "TRAVEL_ENTERTAINMENT":"582.31",
    "EVENT_COUNT":"",
    "MEETING_COUNT":"18"
  },
  {
    "CLIENT_ID":"434",
    "CLIENT_NAME":"client_434",
    "LAST_TRADE_DATE":"12/16/2011 00:00:00",
    "TRADE_VOLUME":"42,683",
    "REVENUE":"56,467",
    "TRAVEL_ENTERTAINMENT":"",
    "EVENT_COUNT":"",
    "MEETING_COUNT":""
  },
  {
    "CLIENT_ID":"435",
    "CLIENT_NAME":"client_435",
    "LAST_TRADE_DATE":"12/31/2011 00:00:00",
    "TRADE_VOLUME":"154,895",
    "REVENUE":"109,726",
    "TRAVEL_ENTERTAINMENT":"",
    "EVENT_COUNT":"",
    "MEETING_COUNT":""
  },
  {
    "CLIENT_ID":"436",
    "CLIENT_NAME":"client_436",
    "LAST_TRADE_DATE":"02/01/2012 00:00:00",
    "TRADE_VOLUME":"210,372,982",
    "REVENUE":"1,054,252",
    "TRAVEL_ENTERTAINMENT":"",
    "EVENT_COUNT":"7",
    "MEETING_COUNT":"353"
  },
  {
    "CLIENT_ID":"437",
    "CLIENT_NAME":"client_437",
    "LAST_TRADE_DATE":"02/01/2012 00:00:00",
    "TRADE_VOLUME":"3,930,341",
    "REVENUE":"1,874",
    "TRAVEL_ENTERTAINMENT":"",
    "EVENT_COUNT":"",
    "MEETING_COUNT":""
  },
  {
    "CLIENT_ID":"438",
    "CLIENT_NAME":"client_438",
    "LAST_TRADE_DATE":"11/08/2011 00:00:00",
    "TRADE_VOLUME":"439,450",
    "REVENUE":"0",
    "TRAVEL_ENTERTAINMENT":"",
    "EVENT_COUNT":"",
    "MEETING_COUNT":""
  },
  {
    "CLIENT_ID":"439",
    "CLIENT_NAME":"client_439",
    "LAST_TRADE_DATE":"09/29/2011 00:00:00",
    "TRADE_VOLUME":"54,718,309",
    "REVENUE":"26,944",
    "TRAVEL_ENTERTAINMENT":"2694.37",
    "EVENT_COUNT":"",
    "MEETING_COUNT":"20"
  },
  {
    "CLIENT_ID":"44",
    "CLIENT_NAME":"client_44",
    "LAST_TRADE_DATE":"01/13/2012 00:00:00",
    "TRADE_VOLUME":"1,671,500",
    "REVENUE":"10,354",
    "TRAVEL_ENTERTAINMENT":"",
    "EVENT_COUNT":"",
    "MEETING_COUNT":""
  },
  {
    "CLIENT_ID":"440",
    "CLIENT_NAME":"client_440",
    "LAST_TRADE_DATE":"09/30/2011 00:00:00",
    "TRADE_VOLUME":"0",
    "REVENUE":"67,937",
    "TRAVEL_ENTERTAINMENT":"",
    "EVENT_COUNT":"",
    "MEETING_COUNT":""
  },
  {
    "CLIENT_ID":"441",
    "CLIENT_NAME":"client_441",
    "LAST_TRADE_DATE":"11/18/2011 00:00:00",
    "TRADE_VOLUME":"273",
    "REVENUE":"141",
    "TRAVEL_ENTERTAINMENT":"",
    "EVENT_COUNT":"",
    "MEETING_COUNT":""
  },
  {
    "CLIENT_ID":"442",
    "CLIENT_NAME":"client_442",
    "LAST_TRADE_DATE":"12/31/2011 00:00:00",
    "TRADE_VOLUME":"0",
    "REVENUE":"21,906",
    "TRAVEL_ENTERTAINMENT":"",
    "EVENT_COUNT":"",
    "MEETING_COUNT":""
  },
  {
    "CLIENT_ID":"443",
    "CLIENT_NAME":"client_443",
    "LAST_TRADE_DATE":"12/31/2011 00:00:00",
    "TRADE_VOLUME":"0",
    "REVENUE":"2,754",
    "TRAVEL_ENTERTAINMENT":"",
    "EVENT_COUNT":"",
    "MEETING_COUNT":""
  },
  {
    "CLIENT_ID":"444",
    "CLIENT_NAME":"client_444",
    "LAST_TRADE_DATE":"10/04/2011 00:00:00",
    "TRADE_VOLUME":"30,000",
    "REVENUE":"3,750",
    "TRAVEL_ENTERTAINMENT":"",
    "EVENT_COUNT":"",
    "MEETING_COUNT":""
  },
  {
    "CLIENT_ID":"445",
    "CLIENT_NAME":"client_445",
    "LAST_TRADE_DATE":"09/21/2011 00:00:00",
    "TRADE_VOLUME":"51,400",
    "REVENUE":"2,220",
    "TRAVEL_ENTERTAINMENT":"",
    "EVENT_COUNT":"",
    "MEETING_COUNT":""
  },
  {
    "CLIENT_ID":"446",
    "CLIENT_NAME":"client_446",
    "LAST_TRADE_DATE":"12/31/2011 00:00:00",
    "TRADE_VOLUME":"0",
    "REVENUE":"20,001",
    "TRAVEL_ENTERTAINMENT":"",
    "EVENT_COUNT":"",
    "MEETING_COUNT":""
  },
  {
    "CLIENT_ID":"447",
    "CLIENT_NAME":"client_447",
    "LAST_TRADE_DATE":"02/01/2012 00:00:00",
    "TRADE_VOLUME":"1,055,926",
    "REVENUE":"9,612",
    "TRAVEL_ENTERTAINMENT":"",
    "EVENT_COUNT":"",
    "MEETING_COUNT":""
  },
  {
    "CLIENT_ID":"448",
    "CLIENT_NAME":"client_448",
    "LAST_TRADE_DATE":"01/03/2012 00:00:00",
    "TRADE_VOLUME":"6,801,000",
    "REVENUE":"70,185",
    "TRAVEL_ENTERTAINMENT":"",
    "EVENT_COUNT":"1",
    "MEETING_COUNT":"27"
  },
  {
    "CLIENT_ID":"449",
    "CLIENT_NAME":"client_449",
    "LAST_TRADE_DATE":"01/12/2012 00:00:00",
    "TRADE_VOLUME":"5,883,848",
    "REVENUE":"46,646",
    "TRAVEL_ENTERTAINMENT":"",
    "EVENT_COUNT":"",
    "MEETING_COUNT":"11"
  },
  {
    "CLIENT_ID":"45",
    "CLIENT_NAME":"client_45",
    "LAST_TRADE_DATE":"10/04/2011 00:00:00",
    "TRADE_VOLUME":"218,871",
    "REVENUE":"15,354",
    "TRAVEL_ENTERTAINMENT":"",
    "EVENT_COUNT":"",
    "MEETING_COUNT":""
  },
  {
    "CLIENT_ID":"450",
    "CLIENT_NAME":"client_450",
    "LAST_TRADE_DATE":"09/22/2011 00:00:00",
    "TRADE_VOLUME":"0",
    "REVENUE":"0",
    "TRAVEL_ENTERTAINMENT":"",
    "EVENT_COUNT":"",
    "MEETING_COUNT":""
  },
  {
    "CLIENT_ID":"451",
    "CLIENT_NAME":"client_451",
    "LAST_TRADE_DATE":"01/27/2012 00:00:00",
    "TRADE_VOLUME":"42,738,369",
    "REVENUE":"90,128",
    "TRAVEL_ENTERTAINMENT":"",
    "EVENT_COUNT":"",
    "MEETING_COUNT":"13"
  },
  {
    "CLIENT_ID":"452",
    "CLIENT_NAME":"client_452",
    "LAST_TRADE_DATE":"12/29/2011 00:00:00",
    "TRADE_VOLUME":"126,785",
    "REVENUE":"341",
    "TRAVEL_ENTERTAINMENT":"",
    "EVENT_COUNT":"",
    "MEETING_COUNT":"12"
  },
  {
    "CLIENT_ID":"453",
    "CLIENT_NAME":"client_453",
    "LAST_TRADE_DATE":"01/30/2012 00:00:00",
    "TRADE_VOLUME":"869,167",
    "REVENUE":"9,630",
    "TRAVEL_ENTERTAINMENT":"48.15",
    "EVENT_COUNT":"",
    "MEETING_COUNT":"1"
  },
  {
    "CLIENT_ID":"454",
    "CLIENT_NAME":"client_454",
    "LAST_TRADE_DATE":"12/01/2011 00:00:00",
    "TRADE_VOLUME":"0",
    "REVENUE":"2,078",
    "TRAVEL_ENTERTAINMENT":"",
    "EVENT_COUNT":"",
    "MEETING_COUNT":""
  },
  {
    "CLIENT_ID":"455",
    "CLIENT_NAME":"client_455",
    "LAST_TRADE_DATE":"10/26/2011 00:00:00",
    "TRADE_VOLUME":"8,500,916",
    "REVENUE":"23,882",
    "TRAVEL_ENTERTAINMENT":"",
    "EVENT_COUNT":"",
    "MEETING_COUNT":""
  },
  {
    "CLIENT_ID":"456",
    "CLIENT_NAME":"client_456",
    "LAST_TRADE_DATE":"01/20/2012 00:00:00",
    "TRADE_VOLUME":"2,612,000",
    "REVENUE":"7,465",
    "TRAVEL_ENTERTAINMENT":"261.27",
    "EVENT_COUNT":"",
    "MEETING_COUNT":"7"
  },
  {
    "CLIENT_ID":"457",
    "CLIENT_NAME":"client_457",
    "LAST_TRADE_DATE":"01/09/2012 00:00:00",
    "TRADE_VOLUME":"0",
    "REVENUE":"-150,079",
    "TRAVEL_ENTERTAINMENT":"",
    "EVENT_COUNT":"",
    "MEETING_COUNT":""
  },
  {
    "CLIENT_ID":"458",
    "CLIENT_NAME":"client_458",
    "LAST_TRADE_DATE":"08/03/2011 00:00:00",
    "TRADE_VOLUME":"0",
    "REVENUE":"-6,947",
    "TRAVEL_ENTERTAINMENT":"",
    "EVENT_COUNT":"",
    "MEETING_COUNT":""
  },
  {
    "CLIENT_ID":"459",
    "CLIENT_NAME":"client_459",
    "LAST_TRADE_DATE":"01/26/2012 00:00:00",
    "TRADE_VOLUME":"14,686,316",
    "REVENUE":"52,083",
    "TRAVEL_ENTERTAINMENT":"",
    "EVENT_COUNT":"",
    "MEETING_COUNT":"9"
  },
  {
    "CLIENT_ID":"46",
    "CLIENT_NAME":"client_46",
    "LAST_TRADE_DATE":"12/31/2011 00:00:00",
    "TRADE_VOLUME":"2,060",
    "REVENUE":"6,259",
    "TRAVEL_ENTERTAINMENT":"",
    "EVENT_COUNT":"",
    "MEETING_COUNT":""
  },
  {
    "CLIENT_ID":"460",
    "CLIENT_NAME":"client_460",
    "LAST_TRADE_DATE":"01/26/2012 00:00:00",
    "TRADE_VOLUME":"4,388,010",
    "REVENUE":"59,964",
    "TRAVEL_ENTERTAINMENT":"",
    "EVENT_COUNT":"1",
    "MEETING_COUNT":"48"
  },
  {
    "CLIENT_ID":"461",
    "CLIENT_NAME":"client_461",
    "LAST_TRADE_DATE":"02/01/2012 00:00:00",
    "TRADE_VOLUME":"625,448",
    "REVENUE":"11,531",
    "TRAVEL_ENTERTAINMENT":"172.97",
    "EVENT_COUNT":"",
    "MEETING_COUNT":"3"
  },
  {
    "CLIENT_ID":"462",
    "CLIENT_NAME":"client_462",
    "LAST_TRADE_DATE":"09/30/2011 00:00:00",
    "TRADE_VOLUME":"26,107",
    "REVENUE":"800",
    "TRAVEL_ENTERTAINMENT":"48.01",
    "EVENT_COUNT":"",
    "MEETING_COUNT":"12"
  },
  {
    "CLIENT_ID":"463",
    "CLIENT_NAME":"client_463",
    "LAST_TRADE_DATE":"02/01/2012 00:00:00",
    "TRADE_VOLUME":"110,671,041",
    "REVENUE":"868,012",
    "TRAVEL_ENTERTAINMENT":"",
    "EVENT_COUNT":"14",
    "MEETING_COUNT":"677"
  },
  {
    "CLIENT_ID":"464",
    "CLIENT_NAME":"client_464",
    "LAST_TRADE_DATE":"01/31/2012 00:00:00",
    "TRADE_VOLUME":"14,528,107",
    "REVENUE":"252,293",
    "TRAVEL_ENTERTAINMENT":"",
    "EVENT_COUNT":"7",
    "MEETING_COUNT":"329"
  },
  {
    "CLIENT_ID":"465",
    "CLIENT_NAME":"client_465",
    "LAST_TRADE_DATE":"12/21/2011 00:00:00",
    "TRADE_VOLUME":"1,277,236",
    "REVENUE":"4,038",
    "TRAVEL_ENTERTAINMENT":"484.51",
    "EVENT_COUNT":"",
    "MEETING_COUNT":"24"
  },
  {
    "CLIENT_ID":"466",
    "CLIENT_NAME":"client_466",
    "LAST_TRADE_DATE":"02/01/2012 00:00:00",
    "TRADE_VOLUME":"12,008,966",
    "REVENUE":"353,147",
    "TRAVEL_ENTERTAINMENT":"",
    "EVENT_COUNT":"1",
    "MEETING_COUNT":"37"
  },
  {
    "CLIENT_ID":"467",
    "CLIENT_NAME":"client_467",
    "LAST_TRADE_DATE":"01/27/2012 00:00:00",
    "TRADE_VOLUME":"453,560",
    "REVENUE":"22,334",
    "TRAVEL_ENTERTAINMENT":"4355.20",
    "EVENT_COUNT":"1",
    "MEETING_COUNT":"39"
  },
  {
    "CLIENT_ID":"468",
    "CLIENT_NAME":"client_468",
    "LAST_TRADE_DATE":"02/01/2012 00:00:00",
    "TRADE_VOLUME":"1,016,020",
    "REVENUE":"34,651",
    "TRAVEL_ENTERTAINMENT":"",
    "EVENT_COUNT":"",
    "MEETING_COUNT":"1"
  },
  {
    "CLIENT_ID":"469",
    "CLIENT_NAME":"client_469",
    "LAST_TRADE_DATE":"11/30/2011 00:00:00",
    "TRADE_VOLUME":"232,922",
    "REVENUE":"341",
    "TRAVEL_ENTERTAINMENT":"",
    "EVENT_COUNT":"",
    "MEETING_COUNT":""
  },
  {
    "CLIENT_ID":"47",
    "CLIENT_NAME":"client_47",
    "LAST_TRADE_DATE":"02/01/2012 00:00:00",
    "TRADE_VOLUME":"550,593",
    "REVENUE":"16,069",
    "TRAVEL_ENTERTAINMENT":"",
    "EVENT_COUNT":"",
    "MEETING_COUNT":""
  },
  {
    "CLIENT_ID":"470",
    "CLIENT_NAME":"client_470",
    "LAST_TRADE_DATE":"12/31/2011 00:00:00",
    "TRADE_VOLUME":"0",
    "REVENUE":"3,826",
    "TRAVEL_ENTERTAINMENT":"133.91",
    "EVENT_COUNT":"",
    "MEETING_COUNT":"7"
  },
  {
    "CLIENT_ID":"471",
    "CLIENT_NAME":"client_471",
    "LAST_TRADE_DATE":"01/31/2012 00:00:00",
    "TRADE_VOLUME":"0",
    "REVENUE":"4,084,356",
    "TRAVEL_ENTERTAINMENT":"",
    "EVENT_COUNT":"",
    "MEETING_COUNT":""
  },
  {
    "CLIENT_ID":"472",
    "CLIENT_NAME":"client_472",
    "LAST_TRADE_DATE":"01/20/2012 00:00:00",
    "TRADE_VOLUME":"1,535,400",
    "REVENUE":"12,473",
    "TRAVEL_ENTERTAINMENT":"124.73",
    "EVENT_COUNT":"",
    "MEETING_COUNT":"2"
  },
  {
    "CLIENT_ID":"473",
    "CLIENT_NAME":"client_473",
    "LAST_TRADE_DATE":"10/04/2011 00:00:00",
    "TRADE_VOLUME":"1,700,000",
    "REVENUE":"4,250",
    "TRAVEL_ENTERTAINMENT":"",
    "EVENT_COUNT":"",
    "MEETING_COUNT":""
  },
  {
    "CLIENT_ID":"474",
    "CLIENT_NAME":"client_474",
    "LAST_TRADE_DATE":"02/01/2012 00:00:00",
    "TRADE_VOLUME":"163,893,726",
    "REVENUE":"615,859",
    "TRAVEL_ENTERTAINMENT":"",
    "EVENT_COUNT":"15",
    "MEETING_COUNT":"759"
  },
  {
    "CLIENT_ID":"475",
    "CLIENT_NAME":"client_475",
    "LAST_TRADE_DATE":"11/04/2011 00:00:00",
    "TRADE_VOLUME":"789,000",
    "REVENUE":"2,698",
    "TRAVEL_ENTERTAINMENT":"",
    "EVENT_COUNT":"",
    "MEETING_COUNT":""
  },
  {
    "CLIENT_ID":"476",
    "CLIENT_NAME":"client_476",
    "LAST_TRADE_DATE":"01/24/2012 00:00:00",
    "TRADE_VOLUME":"47,631",
    "REVENUE":"1,967",
    "TRAVEL_ENTERTAINMENT":"78.70",
    "EVENT_COUNT":"",
    "MEETING_COUNT":"8"
  },
  {
    "CLIENT_ID":"477",
    "CLIENT_NAME":"client_477",
    "LAST_TRADE_DATE":"01/10/2012 00:00:00",
    "TRADE_VOLUME":"96,290",
    "REVENUE":"8,009",
    "TRAVEL_ENTERTAINMENT":"80.09",
    "EVENT_COUNT":"",
    "MEETING_COUNT":"2"
  },
  {
    "CLIENT_ID":"478",
    "CLIENT_NAME":"client_478",
    "LAST_TRADE_DATE":"01/18/2012 00:00:00",
    "TRADE_VOLUME":"2,934,000",
    "REVENUE":"11,915",
    "TRAVEL_ENTERTAINMENT":"",
    "EVENT_COUNT":"",
    "MEETING_COUNT":""
  },
  {
    "CLIENT_ID":"479",
    "CLIENT_NAME":"client_479",
    "LAST_TRADE_DATE":"02/01/2012 00:00:00",
    "TRADE_VOLUME":"5,282,211",
    "REVENUE":"34,213",
    "TRAVEL_ENTERTAINMENT":"",
    "EVENT_COUNT":"1",
    "MEETING_COUNT":"26"
  },
  {
    "CLIENT_ID":"48",
    "CLIENT_NAME":"client_48",
    "LAST_TRADE_DATE":"11/10/2011 00:00:00",
    "TRADE_VOLUME":"25,542",
    "REVENUE":"1,510",
    "TRAVEL_ENTERTAINMENT":"",
    "EVENT_COUNT":"",
    "MEETING_COUNT":""
  },
  {
    "CLIENT_ID":"480",
    "CLIENT_NAME":"client_480",
    "LAST_TRADE_DATE":"01/31/2012 00:00:00",
    "TRADE_VOLUME":"27,450,000",
    "REVENUE":"662,445",
    "TRAVEL_ENTERTAINMENT":"",
    "EVENT_COUNT":"",
    "MEETING_COUNT":""
  },
  {
    "CLIENT_ID":"481",
    "CLIENT_NAME":"client_481",
    "LAST_TRADE_DATE":"01/25/2012 00:00:00",
    "TRADE_VOLUME":"1,886,000",
    "REVENUE":"63,400",
    "TRAVEL_ENTERTAINMENT":"",
    "EVENT_COUNT":"1",
    "MEETING_COUNT":"42"
  },
  {
    "CLIENT_ID":"482",
    "CLIENT_NAME":"client_482",
    "LAST_TRADE_DATE":"01/30/2012 00:00:00",
    "TRADE_VOLUME":"5,339,363",
    "REVENUE":"448,878",
    "TRAVEL_ENTERTAINMENT":"",
    "EVENT_COUNT":"2",
    "MEETING_COUNT":"92"
  },
  {
    "CLIENT_ID":"483",
    "CLIENT_NAME":"client_483",
    "LAST_TRADE_DATE":"09/11/2011 00:00:00",
    "TRADE_VOLUME":"0",
    "REVENUE":"199,086",
    "TRAVEL_ENTERTAINMENT":"",
    "EVENT_COUNT":"",
    "MEETING_COUNT":""
  },
  {
    "CLIENT_ID":"484",
    "CLIENT_NAME":"client_484",
    "LAST_TRADE_DATE":"09/01/2011 00:00:00",
    "TRADE_VOLUME":"0",
    "REVENUE":"337,891",
    "TRAVEL_ENTERTAINMENT":"",
    "EVENT_COUNT":"",
    "MEETING_COUNT":""
  },
  {
    "CLIENT_ID":"485",
    "CLIENT_NAME":"client_485",
    "LAST_TRADE_DATE":"07/20/2011 00:00:00",
    "TRADE_VOLUME":"0",
    "REVENUE":"99,400",
    "TRAVEL_ENTERTAINMENT":"",
    "EVENT_COUNT":"",
    "MEETING_COUNT":""
  },
  {
    "CLIENT_ID":"486",
    "CLIENT_NAME":"client_486",
    "LAST_TRADE_DATE":"12/13/2011 00:00:00",
    "TRADE_VOLUME":"3,582,200",
    "REVENUE":"71,214",
    "TRAVEL_ENTERTAINMENT":"",
    "EVENT_COUNT":"",
    "MEETING_COUNT":""
  },
  {
    "CLIENT_ID":"487",
    "CLIENT_NAME":"client_487",
    "LAST_TRADE_DATE":"10/05/2011 00:00:00",
    "TRADE_VOLUME":"0",
    "REVENUE":"3,717,404",
    "TRAVEL_ENTERTAINMENT":"",
    "EVENT_COUNT":"",
    "MEETING_COUNT":""
  },
  {
    "CLIENT_ID":"488",
    "CLIENT_NAME":"client_488",
    "LAST_TRADE_DATE":"10/05/2011 00:00:00",
    "TRADE_VOLUME":"0",
    "REVENUE":"1,050,000",
    "TRAVEL_ENTERTAINMENT":"",
    "EVENT_COUNT":"",
    "MEETING_COUNT":""
  },
  {
    "CLIENT_ID":"489",
    "CLIENT_NAME":"client_489",
    "LAST_TRADE_DATE":"10/05/2011 00:00:00",
    "TRADE_VOLUME":"0",
    "REVENUE":"22,160",
    "TRAVEL_ENTERTAINMENT":"",
    "EVENT_COUNT":"",
    "MEETING_COUNT":""
  },
  {
    "CLIENT_ID":"49",
    "CLIENT_NAME":"client_49",
    "LAST_TRADE_DATE":"01/25/2012 00:00:00",
    "TRADE_VOLUME":"2,176,542",
    "REVENUE":"69,264",
    "TRAVEL_ENTERTAINMENT":"",
    "EVENT_COUNT":"",
    "MEETING_COUNT":"2"
  },
  {
    "CLIENT_ID":"490",
    "CLIENT_NAME":"client_490",
    "LAST_TRADE_DATE":"12/01/2011 00:00:00",
    "TRADE_VOLUME":"0",
    "REVENUE":"27",
    "TRAVEL_ENTERTAINMENT":"",
    "EVENT_COUNT":"",
    "MEETING_COUNT":""
  },
  {
    "CLIENT_ID":"491",
    "CLIENT_NAME":"client_491",
    "LAST_TRADE_DATE":"12/01/2011 00:00:00",
    "TRADE_VOLUME":"0",
    "REVENUE":"17,412",
    "TRAVEL_ENTERTAINMENT":"",
    "EVENT_COUNT":"",
    "MEETING_COUNT":""
  },
  {
    "CLIENT_ID":"492",
    "CLIENT_NAME":"client_492",
    "LAST_TRADE_DATE":"09/01/2011 00:00:00",
    "TRADE_VOLUME":"0",
    "REVENUE":"1,762",
    "TRAVEL_ENTERTAINMENT":"",
    "EVENT_COUNT":"",
    "MEETING_COUNT":""
  },
  {
    "CLIENT_ID":"493",
    "CLIENT_NAME":"client_493",
    "LAST_TRADE_DATE":"09/01/2011 00:00:00",
    "TRADE_VOLUME":"0",
    "REVENUE":"4,029",
    "TRAVEL_ENTERTAINMENT":"",
    "EVENT_COUNT":"",
    "MEETING_COUNT":""
  },
  {
    "CLIENT_ID":"494",
    "CLIENT_NAME":"client_494",
    "LAST_TRADE_DATE":"11/01/2011 00:00:00",
    "TRADE_VOLUME":"0",
    "REVENUE":"72",
    "TRAVEL_ENTERTAINMENT":"",
    "EVENT_COUNT":"",
    "MEETING_COUNT":""
  },
  {
    "CLIENT_ID":"495",
    "CLIENT_NAME":"client_495",
    "LAST_TRADE_DATE":"10/12/2011 00:00:00",
    "TRADE_VOLUME":"10,284,658",
    "REVENUE":"33,321",
    "TRAVEL_ENTERTAINMENT":"",
    "EVENT_COUNT":"",
    "MEETING_COUNT":""
  },
  {
    "CLIENT_ID":"496",
    "CLIENT_NAME":"client_496",
    "LAST_TRADE_DATE":"01/26/2012 00:00:00",
    "TRADE_VOLUME":"68,998",
    "REVENUE":"54,354",
    "TRAVEL_ENTERTAINMENT":"",
    "EVENT_COUNT":"",
    "MEETING_COUNT":""
  },
  {
    "CLIENT_ID":"497",
    "CLIENT_NAME":"client_497",
    "LAST_TRADE_DATE":"12/31/2011 00:00:00",
    "TRADE_VOLUME":"0",
    "REVENUE":"22,991",
    "TRAVEL_ENTERTAINMENT":"",
    "EVENT_COUNT":"",
    "MEETING_COUNT":""
  },
  {
    "CLIENT_ID":"498",
    "CLIENT_NAME":"client_498",
    "LAST_TRADE_DATE":"12/31/2011 00:00:00",
    "TRADE_VOLUME":"0",
    "REVENUE":"8,092",
    "TRAVEL_ENTERTAINMENT":"80.92",
    "EVENT_COUNT":"",
    "MEETING_COUNT":"2"
  },
  {
    "CLIENT_ID":"499",
    "CLIENT_NAME":"client_499",
    "LAST_TRADE_DATE":"12/23/2011 00:00:00",
    "TRADE_VOLUME":"68,500",
    "REVENUE":"678",
    "TRAVEL_ENTERTAINMENT":"",
    "EVENT_COUNT":"",
    "MEETING_COUNT":""
  },
  {
    "CLIENT_ID":"5",
    "CLIENT_NAME":"client_5",
    "LAST_TRADE_DATE":"01/25/2012 00:00:00",
    "TRADE_VOLUME":"156,075",
    "REVENUE":"6,812",
    "TRAVEL_ENTERTAINMENT":"",
    "EVENT_COUNT":"",
    "MEETING_COUNT":""
  },
  {
    "CLIENT_ID":"50",
    "CLIENT_NAME":"client_50",
    "LAST_TRADE_DATE":"01/04/2012 00:00:00",
    "TRADE_VOLUME":"11,661,197",
    "REVENUE":"6,287",
    "TRAVEL_ENTERTAINMENT":"",
    "EVENT_COUNT":"",
    "MEETING_COUNT":""
  },
  {
    "CLIENT_ID":"500",
    "CLIENT_NAME":"client_500",
    "LAST_TRADE_DATE":"10/05/2011 00:00:00",
    "TRADE_VOLUME":"0",
    "REVENUE":"-59,965",
    "TRAVEL_ENTERTAINMENT":"",
    "EVENT_COUNT":"",
    "MEETING_COUNT":""
  },
  {
    "CLIENT_ID":"501",
    "CLIENT_NAME":"client_501",
    "LAST_TRADE_DATE":"12/31/2011 00:00:00",
    "TRADE_VOLUME":"0",
    "REVENUE":"5,365",
    "TRAVEL_ENTERTAINMENT":"",
    "EVENT_COUNT":"",
    "MEETING_COUNT":""
  },
  {
    "CLIENT_ID":"502",
    "CLIENT_NAME":"client_502",
    "LAST_TRADE_DATE":"02/01/2012 00:00:00",
    "TRADE_VOLUME":"223,015,298",
    "REVENUE":"926,863",
    "TRAVEL_ENTERTAINMENT":"",
    "EVENT_COUNT":"",
    "MEETING_COUNT":"6"
  },
  {
    "CLIENT_ID":"503",
    "CLIENT_NAME":"client_503",
    "LAST_TRADE_DATE":"01/26/2012 00:00:00",
    "TRADE_VOLUME":"3,479,034",
    "REVENUE":"6,127",
    "TRAVEL_ENTERTAINMENT":"245.07",
    "EVENT_COUNT":"",
    "MEETING_COUNT":"8"
  },
  {
    "CLIENT_ID":"504",
    "CLIENT_NAME":"client_504",
    "LAST_TRADE_DATE":"02/01/2012 00:00:00",
    "TRADE_VOLUME":"649,904",
    "REVENUE":"18,577",
    "TRAVEL_ENTERTAINMENT":"1021.76",
    "EVENT_COUNT":"",
    "MEETING_COUNT":"11"
  },
  {
    "CLIENT_ID":"505",
    "CLIENT_NAME":"client_505",
    "LAST_TRADE_DATE":"10/14/2011 00:00:00",
    "TRADE_VOLUME":"0",
    "REVENUE":"4,140",
    "TRAVEL_ENTERTAINMENT":"",
    "EVENT_COUNT":"",
    "MEETING_COUNT":""
  },
  {
    "CLIENT_ID":"506",
    "CLIENT_NAME":"client_506",
    "LAST_TRADE_DATE":"10/26/2011 00:00:00",
    "TRADE_VOLUME":"200",
    "REVENUE":"6",
    "TRAVEL_ENTERTAINMENT":"",
    "EVENT_COUNT":"",
    "MEETING_COUNT":""
  },
  {
    "CLIENT_ID":"507",
    "CLIENT_NAME":"client_507",
    "LAST_TRADE_DATE":"10/19/2011 00:00:00",
    "TRADE_VOLUME":"0",
    "REVENUE":"0",
    "TRAVEL_ENTERTAINMENT":"",
    "EVENT_COUNT":"",
    "MEETING_COUNT":""
  },
  {
    "CLIENT_ID":"508",
    "CLIENT_NAME":"client_508",
    "LAST_TRADE_DATE":"07/07/2011 00:00:00",
    "TRADE_VOLUME":"0",
    "REVENUE":"56,000",
    "TRAVEL_ENTERTAINMENT":"",
    "EVENT_COUNT":"",
    "MEETING_COUNT":""
  },
  {
    "CLIENT_ID":"509",
    "CLIENT_NAME":"client_509",
    "LAST_TRADE_DATE":"10/17/2011 00:00:00",
    "TRADE_VOLUME":"1,542",
    "REVENUE":"6,346",
    "TRAVEL_ENTERTAINMENT":"",
    "EVENT_COUNT":"",
    "MEETING_COUNT":""
  },
  {
    "CLIENT_ID":"51",
    "CLIENT_NAME":"client_51",
    "LAST_TRADE_DATE":"02/01/2012 00:00:00",
    "TRADE_VOLUME":"2,591,058",
    "REVENUE":"62,614",
    "TRAVEL_ENTERTAINMENT":"",
    "EVENT_COUNT":"",
    "MEETING_COUNT":""
  },
  {
    "CLIENT_ID":"510",
    "CLIENT_NAME":"client_510",
    "LAST_TRADE_DATE":"01/26/2012 00:00:00",
    "TRADE_VOLUME":"382,549",
    "REVENUE":"4,937",
    "TRAVEL_ENTERTAINMENT":"",
    "EVENT_COUNT":"",
    "MEETING_COUNT":""
  },
  {
    "CLIENT_ID":"511",
    "CLIENT_NAME":"client_511",
    "LAST_TRADE_DATE":"02/01/2012 00:00:00",
    "TRADE_VOLUME":"1,184,581",
    "REVENUE":"26,744",
    "TRAVEL_ENTERTAINMENT":"4279.05",
    "EVENT_COUNT":"1",
    "MEETING_COUNT":"32"
  },
  {
    "CLIENT_ID":"512",
    "CLIENT_NAME":"client_512",
    "LAST_TRADE_DATE":"10/19/2011 00:00:00",
    "TRADE_VOLUME":"0",
    "REVENUE":"4,557,665",
    "TRAVEL_ENTERTAINMENT":"45576.65",
    "EVENT_COUNT":"",
    "MEETING_COUNT":"2"
  },
  {
    "CLIENT_ID":"513",
    "CLIENT_NAME":"client_513",
    "LAST_TRADE_DATE":"01/27/2012 00:00:00",
    "TRADE_VOLUME":"0",
    "REVENUE":"152,796",
    "TRAVEL_ENTERTAINMENT":"",
    "EVENT_COUNT":"",
    "MEETING_COUNT":""
  },
  {
    "CLIENT_ID":"514",
    "CLIENT_NAME":"client_514",
    "LAST_TRADE_DATE":"08/09/2011 00:00:00",
    "TRADE_VOLUME":"0",
    "REVENUE":"4,900",
    "TRAVEL_ENTERTAINMENT":"",
    "EVENT_COUNT":"",
    "MEETING_COUNT":""
  },
  {
    "CLIENT_ID":"515",
    "CLIENT_NAME":"client_515",
    "LAST_TRADE_DATE":"01/20/2012 00:00:00",
    "TRADE_VOLUME":"254,500",
    "REVENUE":"307,635",
    "TRAVEL_ENTERTAINMENT":"",
    "EVENT_COUNT":"",
    "MEETING_COUNT":""
  },
  {
    "CLIENT_ID":"516",
    "CLIENT_NAME":"client_516",
    "LAST_TRADE_DATE":"01/24/2012 00:00:00",
    "TRADE_VOLUME":"659,720",
    "REVENUE":"10,180",
    "TRAVEL_ENTERTAINMENT":"50.90",
    "EVENT_COUNT":"",
    "MEETING_COUNT":"1"
  },
  {
    "CLIENT_ID":"517",
    "CLIENT_NAME":"client_517",
    "LAST_TRADE_DATE":"10/18/2011 00:00:00",
    "TRADE_VOLUME":"0",
    "REVENUE":"670,000",
    "TRAVEL_ENTERTAINMENT":"",
    "EVENT_COUNT":"",
    "MEETING_COUNT":""
  },
  {
    "CLIENT_ID":"518",
    "CLIENT_NAME":"client_518",
    "LAST_TRADE_DATE":"11/11/2011 00:00:00",
    "TRADE_VOLUME":"1,070,000",
    "REVENUE":"1",
    "TRAVEL_ENTERTAINMENT":"",
    "EVENT_COUNT":"",
    "MEETING_COUNT":""
  },
  {
    "CLIENT_ID":"519",
    "CLIENT_NAME":"client_519",
    "LAST_TRADE_DATE":"01/25/2012 00:00:00",
    "TRADE_VOLUME":"1,608",
    "REVENUE":"3,732",
    "TRAVEL_ENTERTAINMENT":"",
    "EVENT_COUNT":"",
    "MEETING_COUNT":""
  },
  {
    "CLIENT_ID":"52",
    "CLIENT_NAME":"client_52",
    "LAST_TRADE_DATE":"02/01/2012 00:00:00",
    "TRADE_VOLUME":"400,601",
    "REVENUE":"224,810",
    "TRAVEL_ENTERTAINMENT":"",
    "EVENT_COUNT":"",
    "MEETING_COUNT":"8"
  },
  {
    "CLIENT_ID":"520",
    "CLIENT_NAME":"client_520",
    "LAST_TRADE_DATE":"11/02/2011 00:00:00",
    "TRADE_VOLUME":"10,580",
    "REVENUE":"317",
    "TRAVEL_ENTERTAINMENT":"",
    "EVENT_COUNT":"",
    "MEETING_COUNT":""
  },
  {
    "CLIENT_ID":"521",
    "CLIENT_NAME":"client_521",
    "LAST_TRADE_DATE":"01/27/2012 00:00:00",
    "TRADE_VOLUME":"10,892",
    "REVENUE":"796",
    "TRAVEL_ENTERTAINMENT":"",
    "EVENT_COUNT":"",
    "MEETING_COUNT":""
  },
  {
    "CLIENT_ID":"522",
    "CLIENT_NAME":"client_522",
    "LAST_TRADE_DATE":"10/27/2011 00:00:00",
    "TRADE_VOLUME":"79,000",
    "REVENUE":"2,197",
    "TRAVEL_ENTERTAINMENT":"32.96",
    "EVENT_COUNT":"",
    "MEETING_COUNT":"3"
  },
  {
    "CLIENT_ID":"523",
    "CLIENT_NAME":"client_523",
    "LAST_TRADE_DATE":"01/23/2012 00:00:00",
    "TRADE_VOLUME":"208,966",
    "REVENUE":"30,528",
    "TRAVEL_ENTERTAINMENT":"",
    "EVENT_COUNT":"",
    "MEETING_COUNT":""
  },
  {
    "CLIENT_ID":"524",
    "CLIENT_NAME":"client_524",
    "LAST_TRADE_DATE":"12/22/2011 00:00:00",
    "TRADE_VOLUME":"650,000",
    "REVENUE":"1,964",
    "TRAVEL_ENTERTAINMENT":"108.02",
    "EVENT_COUNT":"",
    "MEETING_COUNT":"11"
  },
  {
    "CLIENT_ID":"525",
    "CLIENT_NAME":"client_525",
    "LAST_TRADE_DATE":"01/25/2012 00:00:00",
    "TRADE_VOLUME":"1,124,000",
    "REVENUE":"7,473",
    "TRAVEL_ENTERTAINMENT":"",
    "EVENT_COUNT":"",
    "MEETING_COUNT":""
  },
  {
    "CLIENT_ID":"526",
    "CLIENT_NAME":"client_526",
    "LAST_TRADE_DATE":"01/23/2012 00:00:00",
    "TRADE_VOLUME":"2,751,756",
    "REVENUE":"61,062",
    "TRAVEL_ENTERTAINMENT":"",
    "EVENT_COUNT":"2",
    "MEETING_COUNT":"107"
  },
  {
    "CLIENT_ID":"527",
    "CLIENT_NAME":"client_527",
    "LAST_TRADE_DATE":"01/24/2012 00:00:00",
    "TRADE_VOLUME":"97,843",
    "REVENUE":"88,396",
    "TRAVEL_ENTERTAINMENT":"",
    "EVENT_COUNT":"",
    "MEETING_COUNT":""
  },
  {
    "CLIENT_ID":"528",
    "CLIENT_NAME":"client_528",
    "LAST_TRADE_DATE":"01/25/2012 00:00:00",
    "TRADE_VOLUME":"2,270,800",
    "REVENUE":"41,454",
    "TRAVEL_ENTERTAINMENT":"",
    "EVENT_COUNT":"",
    "MEETING_COUNT":""
  },
  {
    "CLIENT_ID":"529",
    "CLIENT_NAME":"client_529",
    "LAST_TRADE_DATE":"01/06/2012 00:00:00",
    "TRADE_VOLUME":"700,002",
    "REVENUE":"10,577",
    "TRAVEL_ENTERTAINMENT":"",
    "EVENT_COUNT":"",
    "MEETING_COUNT":""
  },
  {
    "CLIENT_ID":"53",
    "CLIENT_NAME":"client_53",
    "LAST_TRADE_DATE":"12/01/2011 00:00:00",
    "TRADE_VOLUME":"0",
    "REVENUE":"173",
    "TRAVEL_ENTERTAINMENT":"",
    "EVENT_COUNT":"",
    "MEETING_COUNT":""
  },
  {
    "CLIENT_ID":"530",
    "CLIENT_NAME":"client_530",
    "LAST_TRADE_DATE":"12/21/2011 00:00:00",
    "TRADE_VOLUME":"255,290",
    "REVENUE":"578",
    "TRAVEL_ENTERTAINMENT":"",
    "EVENT_COUNT":"",
    "MEETING_COUNT":""
  },
  {
    "CLIENT_ID":"531",
    "CLIENT_NAME":"client_531",
    "LAST_TRADE_DATE":"12/01/2011 00:00:00",
    "TRADE_VOLUME":"300,000",
    "REVENUE":"4,022",
    "TRAVEL_ENTERTAINMENT":"",
    "EVENT_COUNT":"",
    "MEETING_COUNT":""
  },
  {
    "CLIENT_ID":"532",
    "CLIENT_NAME":"client_532",
    "LAST_TRADE_DATE":"12/31/2011 00:00:00",
    "TRADE_VOLUME":"0",
    "REVENUE":"124,596",
    "TRAVEL_ENTERTAINMENT":"",
    "EVENT_COUNT":"",
    "MEETING_COUNT":"1"
  },
  {
    "CLIENT_ID":"533",
    "CLIENT_NAME":"client_533",
    "LAST_TRADE_DATE":"12/07/2011 00:00:00",
    "TRADE_VOLUME":"540,000",
    "REVENUE":"23,280",
    "TRAVEL_ENTERTAINMENT":"2909.95",
    "EVENT_COUNT":"1",
    "MEETING_COUNT":"25"
  },
  {
    "CLIENT_ID":"534",
    "CLIENT_NAME":"client_534",
    "LAST_TRADE_DATE":"12/01/2011 00:00:00",
    "TRADE_VOLUME":"0",
    "REVENUE":"3,407",
    "TRAVEL_ENTERTAINMENT":"",
    "EVENT_COUNT":"",
    "MEETING_COUNT":""
  },
  {
    "CLIENT_ID":"535",
    "CLIENT_NAME":"client_535",
    "LAST_TRADE_DATE":"01/12/2012 00:00:00",
    "TRADE_VOLUME":"0",
    "REVENUE":"1,833,894",
    "TRAVEL_ENTERTAINMENT":"",
    "EVENT_COUNT":"",
    "MEETING_COUNT":""
  },
  {
    "CLIENT_ID":"536",
    "CLIENT_NAME":"client_536",
    "LAST_TRADE_DATE":"01/31/2012 00:00:00",
    "TRADE_VOLUME":"6,329,034",
    "REVENUE":"13,418",
    "TRAVEL_ENTERTAINMENT":"",
    "EVENT_COUNT":"",
    "MEETING_COUNT":""
  },
  {
    "CLIENT_ID":"537",
    "CLIENT_NAME":"client_537",
    "LAST_TRADE_DATE":"12/07/2011 00:00:00",
    "TRADE_VOLUME":"4,245,853",
    "REVENUE":"123",
    "TRAVEL_ENTERTAINMENT":"",
    "EVENT_COUNT":"",
    "MEETING_COUNT":""
  },
  {
    "CLIENT_ID":"538",
    "CLIENT_NAME":"client_538",
    "LAST_TRADE_DATE":"01/11/2012 00:00:00",
    "TRADE_VOLUME":"32,266",
    "REVENUE":"1,926",
    "TRAVEL_ENTERTAINMENT":"",
    "EVENT_COUNT":"",
    "MEETING_COUNT":""
  },
  {
    "CLIENT_ID":"539",
    "CLIENT_NAME":"client_539",
    "LAST_TRADE_DATE":"01/11/2012 00:00:00",
    "TRADE_VOLUME":"38,656",
    "REVENUE":"2,737",
    "TRAVEL_ENTERTAINMENT":"",
    "EVENT_COUNT":"",
    "MEETING_COUNT":""
  },
  {
    "CLIENT_ID":"54",
    "CLIENT_NAME":"client_54",
    "LAST_TRADE_DATE":"12/01/2011 00:00:00",
    "TRADE_VOLUME":"0",
    "REVENUE":"2,174",
    "TRAVEL_ENTERTAINMENT":"",
    "EVENT_COUNT":"",
    "MEETING_COUNT":""
  },
  {
    "CLIENT_ID":"540",
    "CLIENT_NAME":"client_540",
    "LAST_TRADE_DATE":"01/18/2012 00:00:00",
    "TRADE_VOLUME":"1,135,550",
    "REVENUE":"3,389",
    "TRAVEL_ENTERTAINMENT":"",
    "EVENT_COUNT":"",
    "MEETING_COUNT":""
  },
  {
    "CLIENT_ID":"541",
    "CLIENT_NAME":"client_541",
    "LAST_TRADE_DATE":"11/29/2011 00:00:00",
    "TRADE_VOLUME":"10,000,000",
    "REVENUE":"762,111",
    "TRAVEL_ENTERTAINMENT":"",
    "EVENT_COUNT":"",
    "MEETING_COUNT":"2"
  },
  {
    "CLIENT_ID":"542",
    "CLIENT_NAME":"client_542",
    "LAST_TRADE_DATE":"11/29/2011 00:00:00",
    "TRADE_VOLUME":"26,300",
    "REVENUE":"3,202",
    "TRAVEL_ENTERTAINMENT":"",
    "EVENT_COUNT":"",
    "MEETING_COUNT":""
  },
  {
    "CLIENT_ID":"543",
    "CLIENT_NAME":"client_543",
    "LAST_TRADE_DATE":"02/01/2012 00:00:00",
    "TRADE_VOLUME":"388,178",
    "REVENUE":"1,547",
    "TRAVEL_ENTERTAINMENT":"",
    "EVENT_COUNT":"",
    "MEETING_COUNT":""
  },
  {
    "CLIENT_ID":"544",
    "CLIENT_NAME":"client_544",
    "LAST_TRADE_DATE":"12/31/2011 00:00:00",
    "TRADE_VOLUME":"400,000",
    "REVENUE":"28,837",
    "TRAVEL_ENTERTAINMENT":"",
    "EVENT_COUNT":"",
    "MEETING_COUNT":""
  },
  {
    "CLIENT_ID":"545",
    "CLIENT_NAME":"client_545",
    "LAST_TRADE_DATE":"11/17/2011 00:00:00",
    "TRADE_VOLUME":"1",
    "REVENUE":"1",
    "TRAVEL_ENTERTAINMENT":"",
    "EVENT_COUNT":"",
    "MEETING_COUNT":""
  },
  {
    "CLIENT_ID":"546",
    "CLIENT_NAME":"client_546",
    "LAST_TRADE_DATE":"01/05/2012 00:00:00",
    "TRADE_VOLUME":"0",
    "REVENUE":"32,800",
    "TRAVEL_ENTERTAINMENT":"",
    "EVENT_COUNT":"",
    "MEETING_COUNT":""
  },
  {
    "CLIENT_ID":"547",
    "CLIENT_NAME":"client_547",
    "LAST_TRADE_DATE":"01/13/2012 00:00:00",
    "TRADE_VOLUME":"18,430",
    "REVENUE":"30,500",
    "TRAVEL_ENTERTAINMENT":"",
    "EVENT_COUNT":"",
    "MEETING_COUNT":""
  },
  {
    "CLIENT_ID":"548",
    "CLIENT_NAME":"client_548",
    "LAST_TRADE_DATE":"01/25/2012 00:00:00",
    "TRADE_VOLUME":"16,676,814",
    "REVENUE":"477,382",
    "TRAVEL_ENTERTAINMENT":"",
    "EVENT_COUNT":"",
    "MEETING_COUNT":""
  },
  {
    "CLIENT_ID":"549",
    "CLIENT_NAME":"client_549",
    "LAST_TRADE_DATE":"04/27/2011 00:00:00",
    "TRADE_VOLUME":"101,430",
    "REVENUE":"2,951",
    "TRAVEL_ENTERTAINMENT":"",
    "EVENT_COUNT":"",
    "MEETING_COUNT":""
  },
  {
    "CLIENT_ID":"55",
    "CLIENT_NAME":"client_55",
    "LAST_TRADE_DATE":"12/31/2011 00:00:00",
    "TRADE_VOLUME":"0",
    "REVENUE":"215,337",
    "TRAVEL_ENTERTAINMENT":"",
    "EVENT_COUNT":"",
    "MEETING_COUNT":""
  },
  {
    "CLIENT_ID":"550",
    "CLIENT_NAME":"client_550",
    "LAST_TRADE_DATE":"01/30/2012 00:00:00",
    "TRADE_VOLUME":"115,124",
    "REVENUE":"5,435",
    "TRAVEL_ENTERTAINMENT":"135.86",
    "EVENT_COUNT":"",
    "MEETING_COUNT":"5"
  },
  {
    "CLIENT_ID":"551",
    "CLIENT_NAME":"client_551",
    "LAST_TRADE_DATE":"01/26/2012 00:00:00",
    "TRADE_VOLUME":"1,382,996",
    "REVENUE":"41,490",
    "TRAVEL_ENTERTAINMENT":"",
    "EVENT_COUNT":"",
    "MEETING_COUNT":"1"
  },
  {
    "CLIENT_ID":"552",
    "CLIENT_NAME":"client_552",
    "LAST_TRADE_DATE":"02/01/2012 00:00:00",
    "TRADE_VOLUME":"4,638,281,973",
    "REVENUE":"2,367,518",
    "TRAVEL_ENTERTAINMENT":"",
    "EVENT_COUNT":"11",
    "MEETING_COUNT":"554"
  },
  {
    "CLIENT_ID":"553",
    "CLIENT_NAME":"client_553",
    "LAST_TRADE_DATE":"01/31/2012 00:00:00",
    "TRADE_VOLUME":"923,136",
    "REVENUE":"17,392",
    "TRAVEL_ENTERTAINMENT":"",
    "EVENT_COUNT":"",
    "MEETING_COUNT":""
  },
  {
    "CLIENT_ID":"554",
    "CLIENT_NAME":"client_554",
    "LAST_TRADE_DATE":"09/27/2011 00:00:00",
    "TRADE_VOLUME":"0",
    "REVENUE":"2,250",
    "TRAVEL_ENTERTAINMENT":"",
    "EVENT_COUNT":"",
    "MEETING_COUNT":""
  },
  {
    "CLIENT_ID":"555",
    "CLIENT_NAME":"client_555",
    "LAST_TRADE_DATE":"11/02/2011 00:00:00",
    "TRADE_VOLUME":"0",
    "REVENUE":"31,674",
    "TRAVEL_ENTERTAINMENT":"",
    "EVENT_COUNT":"",
    "MEETING_COUNT":""
  },
  {
    "CLIENT_ID":"556",
    "CLIENT_NAME":"client_556",
    "LAST_TRADE_DATE":"01/24/2012 00:00:00",
    "TRADE_VOLUME":"8,515,500",
    "REVENUE":"68,943",
    "TRAVEL_ENTERTAINMENT":"",
    "EVENT_COUNT":"",
    "MEETING_COUNT":""
  },
  {
    "CLIENT_ID":"557",
    "CLIENT_NAME":"client_557",
    "LAST_TRADE_DATE":"10/06/2011 00:00:00",
    "TRADE_VOLUME":"0",
    "REVENUE":"164,000",
    "TRAVEL_ENTERTAINMENT":"",
    "EVENT_COUNT":"",
    "MEETING_COUNT":""
  },
  {
    "CLIENT_ID":"558",
    "CLIENT_NAME":"client_558",
    "LAST_TRADE_DATE":"02/01/2012 00:00:00",
    "TRADE_VOLUME":"47,274,910",
    "REVENUE":"97,940",
    "TRAVEL_ENTERTAINMENT":"",
    "EVENT_COUNT":"1",
    "MEETING_COUNT":"27"
  },
  {
    "CLIENT_ID":"559",
    "CLIENT_NAME":"client_559",
    "LAST_TRADE_DATE":"02/01/2012 00:00:00",
    "TRADE_VOLUME":"7,918,917",
    "REVENUE":"37,940",
    "TRAVEL_ENTERTAINMENT":"",
    "EVENT_COUNT":"",
    "MEETING_COUNT":""
  },
  {
    "CLIENT_ID":"56",
    "CLIENT_NAME":"client_56",
    "LAST_TRADE_DATE":"02/01/2012 00:00:00",
    "TRADE_VOLUME":"180,433,884",
    "REVENUE":"4,567,234",
    "TRAVEL_ENTERTAINMENT":"45672.34",
    "EVENT_COUNT":"6",
    "MEETING_COUNT":"321"
  },
  {
    "CLIENT_ID":"560",
    "CLIENT_NAME":"client_560",
    "LAST_TRADE_DATE":"02/01/2012 00:00:00",
    "TRADE_VOLUME":"9,441,405",
    "REVENUE":"-54,921",
    "TRAVEL_ENTERTAINMENT":"",
    "EVENT_COUNT":"",
    "MEETING_COUNT":""
  },
  {
    "CLIENT_ID":"561",
    "CLIENT_NAME":"client_561",
    "LAST_TRADE_DATE":"02/01/2012 00:00:00",
    "TRADE_VOLUME":"1,199,574",
    "REVENUE":"20,481",
    "TRAVEL_ENTERTAINMENT":"307.22",
    "EVENT_COUNT":"",
    "MEETING_COUNT":"3"
  },
  {
    "CLIENT_ID":"562",
    "CLIENT_NAME":"client_562",
    "LAST_TRADE_DATE":"09/01/2011 00:00:00",
    "TRADE_VOLUME":"2,000,000",
    "REVENUE":"784",
    "TRAVEL_ENTERTAINMENT":"43.14",
    "EVENT_COUNT":"",
    "MEETING_COUNT":"11"
  },
  {
    "CLIENT_ID":"563",
    "CLIENT_NAME":"client_563",
    "LAST_TRADE_DATE":"02/01/2012 00:00:00",
    "TRADE_VOLUME":"1,719,568",
    "REVENUE":"26,086",
    "TRAVEL_ENTERTAINMENT":"",
    "EVENT_COUNT":"",
    "MEETING_COUNT":""
  },
  {
    "CLIENT_ID":"564",
    "CLIENT_NAME":"client_564",
    "LAST_TRADE_DATE":"01/31/2012 00:00:00",
    "TRADE_VOLUME":"0",
    "REVENUE":"784,461",
    "TRAVEL_ENTERTAINMENT":"",
    "EVENT_COUNT":"",
    "MEETING_COUNT":""
  },
  {
    "CLIENT_ID":"565",
    "CLIENT_NAME":"client_565",
    "LAST_TRADE_DATE":"01/11/2012 00:00:00",
    "TRADE_VOLUME":"2,226,337",
    "REVENUE":"30,720",
    "TRAVEL_ENTERTAINMENT":"",
    "EVENT_COUNT":"",
    "MEETING_COUNT":""
  },
  {
    "CLIENT_ID":"566",
    "CLIENT_NAME":"client_566",
    "LAST_TRADE_DATE":"01/24/2012 00:00:00",
    "TRADE_VOLUME":"750",
    "REVENUE":"4",
    "TRAVEL_ENTERTAINMENT":"",
    "EVENT_COUNT":"",
    "MEETING_COUNT":""
  },
  {
    "CLIENT_ID":"567",
    "CLIENT_NAME":"client_567",
    "LAST_TRADE_DATE":"01/31/2012 00:00:00",
    "TRADE_VOLUME":"3,457,000",
    "REVENUE":"10,761",
    "TRAVEL_ENTERTAINMENT":"",
    "EVENT_COUNT":"",
    "MEETING_COUNT":""
  },
  {
    "CLIENT_ID":"568",
    "CLIENT_NAME":"client_568",
    "LAST_TRADE_DATE":"02/01/2012 00:00:00",
    "TRADE_VOLUME":"96,913,038",
    "REVENUE":"1,844,805",
    "TRAVEL_ENTERTAINMENT":"",
    "EVENT_COUNT":"8",
    "MEETING_COUNT":"398"
  },
  {
    "CLIENT_ID":"569",
    "CLIENT_NAME":"client_569",
    "LAST_TRADE_DATE":"11/10/2011 00:00:00",
    "TRADE_VOLUME":"0",
    "REVENUE":"1,914",
    "TRAVEL_ENTERTAINMENT":"",
    "EVENT_COUNT":"",
    "MEETING_COUNT":""
  },
  {
    "CLIENT_ID":"57",
    "CLIENT_NAME":"client_57",
    "LAST_TRADE_DATE":"11/02/2011 00:00:00",
    "TRADE_VOLUME":"7,016",
    "REVENUE":"7,516",
    "TRAVEL_ENTERTAINMENT":"",
    "EVENT_COUNT":"",
    "MEETING_COUNT":""
  },
  {
    "CLIENT_ID":"570",
    "CLIENT_NAME":"client_570",
    "LAST_TRADE_DATE":"11/29/2011 00:00:00",
    "TRADE_VOLUME":"340,000",
    "REVENUE":"539",
    "TRAVEL_ENTERTAINMENT":"2.69",
    "EVENT_COUNT":"",
    "MEETING_COUNT":"1"
  },
  {
    "CLIENT_ID":"571",
    "CLIENT_NAME":"client_571",
    "LAST_TRADE_DATE":"01/25/2012 00:00:00",
    "TRADE_VOLUME":"0",
    "REVENUE":"295,000",
    "TRAVEL_ENTERTAINMENT":"",
    "EVENT_COUNT":"",
    "MEETING_COUNT":""
  },
  {
    "CLIENT_ID":"572",
    "CLIENT_NAME":"client_572",
    "LAST_TRADE_DATE":"11/25/2011 00:00:00",
    "TRADE_VOLUME":"869,942",
    "REVENUE":"25,910",
    "TRAVEL_ENTERTAINMENT":"",
    "EVENT_COUNT":"",
    "MEETING_COUNT":""
  },
  {
    "CLIENT_ID":"573",
    "CLIENT_NAME":"client_573",
    "LAST_TRADE_DATE":"12/01/2011 00:00:00",
    "TRADE_VOLUME":"0",
    "REVENUE":"1,601",
    "TRAVEL_ENTERTAINMENT":"",
    "EVENT_COUNT":"",
    "MEETING_COUNT":""
  },
  {
    "CLIENT_ID":"574",
    "CLIENT_NAME":"client_574",
    "LAST_TRADE_DATE":"11/02/2011 00:00:00",
    "TRADE_VOLUME":"14,600",
    "REVENUE":"424",
    "TRAVEL_ENTERTAINMENT":"",
    "EVENT_COUNT":"",
    "MEETING_COUNT":""
  },
  {
    "CLIENT_ID":"575",
    "CLIENT_NAME":"client_575",
    "LAST_TRADE_DATE":"09/28/2011 00:00:00",
    "TRADE_VOLUME":"0",
    "REVENUE":"36",
    "TRAVEL_ENTERTAINMENT":"",
    "EVENT_COUNT":"",
    "MEETING_COUNT":""
  },
  {
    "CLIENT_ID":"576",
    "CLIENT_NAME":"client_576",
    "LAST_TRADE_DATE":"02/01/2012 00:00:00",
    "TRADE_VOLUME":"15,247,630",
    "REVENUE":"33,026",
    "TRAVEL_ENTERTAINMENT":"",
    "EVENT_COUNT":"",
    "MEETING_COUNT":"6"
  },
  {
    "CLIENT_ID":"577",
    "CLIENT_NAME":"client_577",
    "LAST_TRADE_DATE":"01/20/2012 00:00:00",
    "TRADE_VOLUME":"30,001",
    "REVENUE":"106,500",
    "TRAVEL_ENTERTAINMENT":"",
    "EVENT_COUNT":"1",
    "MEETING_COUNT":"38"
  },
  {
    "CLIENT_ID":"578",
    "CLIENT_NAME":"client_578",
    "LAST_TRADE_DATE":"05/29/2011 00:00:00",
    "TRADE_VOLUME":"37,000",
    "REVENUE":"2,532",
    "TRAVEL_ENTERTAINMENT":"",
    "EVENT_COUNT":"",
    "MEETING_COUNT":""
  },
  {
    "CLIENT_ID":"579",
    "CLIENT_NAME":"client_579",
    "LAST_TRADE_DATE":"02/01/2012 00:00:00",
    "TRADE_VOLUME":"5,931,700",
    "REVENUE":"124,927",
    "TRAVEL_ENTERTAINMENT":"",
    "EVENT_COUNT":"",
    "MEETING_COUNT":""
  },
  {
    "CLIENT_ID":"58",
    "CLIENT_NAME":"client_58",
    "LAST_TRADE_DATE":"10/16/2011 00:00:00",
    "TRADE_VOLUME":"0",
    "REVENUE":"5,639",
    "TRAVEL_ENTERTAINMENT":"",
    "EVENT_COUNT":"",
    "MEETING_COUNT":""
  },
  {
    "CLIENT_ID":"580",
    "CLIENT_NAME":"client_580",
    "LAST_TRADE_DATE":"01/23/2012 00:00:00",
    "TRADE_VOLUME":"277,500",
    "REVENUE":"8,325",
    "TRAVEL_ENTERTAINMENT":"",
    "EVENT_COUNT":"",
    "MEETING_COUNT":""
  },
  {
    "CLIENT_ID":"581",
    "CLIENT_NAME":"client_581",
    "LAST_TRADE_DATE":"01/31/2012 00:00:00",
    "TRADE_VOLUME":"0",
    "REVENUE":"225,287",
    "TRAVEL_ENTERTAINMENT":"",
    "EVENT_COUNT":"",
    "MEETING_COUNT":""
  },
  {
    "CLIENT_ID":"582",
    "CLIENT_NAME":"client_582",
    "LAST_TRADE_DATE":"01/24/2012 00:00:00",
    "TRADE_VOLUME":"2,000,525",
    "REVENUE":"24,644",
    "TRAVEL_ENTERTAINMENT":"",
    "EVENT_COUNT":"",
    "MEETING_COUNT":""
  },
  {
    "CLIENT_ID":"583",
    "CLIENT_NAME":"client_583",
    "LAST_TRADE_DATE":"12/27/2011 00:00:00",
    "TRADE_VOLUME":"0",
    "REVENUE":"13,410",
    "TRAVEL_ENTERTAINMENT":"",
    "EVENT_COUNT":"",
    "MEETING_COUNT":""
  },
  {
    "CLIENT_ID":"584",
    "CLIENT_NAME":"client_584",
    "LAST_TRADE_DATE":"01/30/2012 00:00:00",
    "TRADE_VOLUME":"39,800",
    "REVENUE":"78",
    "TRAVEL_ENTERTAINMENT":"",
    "EVENT_COUNT":"",
    "MEETING_COUNT":""
  },
  {
    "CLIENT_ID":"585",
    "CLIENT_NAME":"client_585",
    "LAST_TRADE_DATE":"10/27/2011 00:00:00",
    "TRADE_VOLUME":"0",
    "REVENUE":"44,455",
    "TRAVEL_ENTERTAINMENT":"",
    "EVENT_COUNT":"",
    "MEETING_COUNT":""
  },
  {
    "CLIENT_ID":"586",
    "CLIENT_NAME":"client_586",
    "LAST_TRADE_DATE":"02/01/2012 00:00:00",
    "TRADE_VOLUME":"114,170,850",
    "REVENUE":"829,778",
    "TRAVEL_ENTERTAINMENT":"",
    "EVENT_COUNT":"2",
    "MEETING_COUNT":"116"
  },
  {
    "CLIENT_ID":"587",
    "CLIENT_NAME":"client_587",
    "LAST_TRADE_DATE":"01/06/2012 00:00:00",
    "TRADE_VOLUME":"0",
    "REVENUE":"35,568",
    "TRAVEL_ENTERTAINMENT":"",
    "EVENT_COUNT":"",
    "MEETING_COUNT":""
  },
  {
    "CLIENT_ID":"588",
    "CLIENT_NAME":"client_588",
    "LAST_TRADE_DATE":"11/24/2011 00:00:00",
    "TRADE_VOLUME":"0",
    "REVENUE":"2,029",
    "TRAVEL_ENTERTAINMENT":"",
    "EVENT_COUNT":"",
    "MEETING_COUNT":""
  },
  {
    "CLIENT_ID":"589",
    "CLIENT_NAME":"client_589",
    "LAST_TRADE_DATE":"08/15/2011 00:00:00",
    "TRADE_VOLUME":"0",
    "REVENUE":"298",
    "TRAVEL_ENTERTAINMENT":"",
    "EVENT_COUNT":"",
    "MEETING_COUNT":""
  },
  {
    "CLIENT_ID":"59",
    "CLIENT_NAME":"client_59",
    "LAST_TRADE_DATE":"02/01/2012 00:00:00",
    "TRADE_VOLUME":"1,023,201",
    "REVENUE":"30,759",
    "TRAVEL_ENTERTAINMENT":"",
    "EVENT_COUNT":"",
    "MEETING_COUNT":"11"
  },
  {
    "CLIENT_ID":"590",
    "CLIENT_NAME":"client_590",
    "LAST_TRADE_DATE":"12/31/2011 00:00:00",
    "TRADE_VOLUME":"0",
    "REVENUE":"6,645",
    "TRAVEL_ENTERTAINMENT":"",
    "EVENT_COUNT":"",
    "MEETING_COUNT":""
  },
  {
    "CLIENT_ID":"591",
    "CLIENT_NAME":"client_591",
    "LAST_TRADE_DATE":"01/24/2012 00:00:00",
    "TRADE_VOLUME":"5,711,665",
    "REVENUE":"52,963",
    "TRAVEL_ENTERTAINMENT":"",
    "EVENT_COUNT":"",
    "MEETING_COUNT":""
  },
  {
    "CLIENT_ID":"592",
    "CLIENT_NAME":"client_592",
    "LAST_TRADE_DATE":"01/26/2012 00:00:00",
    "TRADE_VOLUME":"2,865,900",
    "REVENUE":"39,977",
    "TRAVEL_ENTERTAINMENT":"",
    "EVENT_COUNT":"",
    "MEETING_COUNT":""
  },
  {
    "CLIENT_ID":"593",
    "CLIENT_NAME":"client_593",
    "LAST_TRADE_DATE":"01/20/2012 00:00:00",
    "TRADE_VOLUME":"0",
    "REVENUE":"154,282",
    "TRAVEL_ENTERTAINMENT":"",
    "EVENT_COUNT":"",
    "MEETING_COUNT":""
  },
  {
    "CLIENT_ID":"594",
    "CLIENT_NAME":"client_594",
    "LAST_TRADE_DATE":"01/20/2012 00:00:00",
    "TRADE_VOLUME":"0",
    "REVENUE":"6",
    "TRAVEL_ENTERTAINMENT":"",
    "EVENT_COUNT":"",
    "MEETING_COUNT":""
  },
  {
    "CLIENT_ID":"595",
    "CLIENT_NAME":"client_595",
    "LAST_TRADE_DATE":"01/19/2012 00:00:00",
    "TRADE_VOLUME":"3,683,336",
    "REVENUE":"4,362",
    "TRAVEL_ENTERTAINMENT":"",
    "EVENT_COUNT":"",
    "MEETING_COUNT":""
  },
  {
    "CLIENT_ID":"596",
    "CLIENT_NAME":"client_596",
    "LAST_TRADE_DATE":"09/09/2011 00:00:00",
    "TRADE_VOLUME":"0",
    "REVENUE":"-25,000",
    "TRAVEL_ENTERTAINMENT":"",
    "EVENT_COUNT":"",
    "MEETING_COUNT":""
  },
  {
    "CLIENT_ID":"597",
    "CLIENT_NAME":"client_597",
    "LAST_TRADE_DATE":"12/23/2011 00:00:00",
    "TRADE_VOLUME":"108,900",
    "REVENUE":"1,257",
    "TRAVEL_ENTERTAINMENT":"",
    "EVENT_COUNT":"",
    "MEETING_COUNT":""
  },
  {
    "CLIENT_ID":"598",
    "CLIENT_NAME":"client_598",
    "LAST_TRADE_DATE":"11/25/2011 00:00:00",
    "TRADE_VOLUME":"0",
    "REVENUE":"360,917",
    "TRAVEL_ENTERTAINMENT":"",
    "EVENT_COUNT":"",
    "MEETING_COUNT":""
  },
  {
    "CLIENT_ID":"599",
    "CLIENT_NAME":"client_599",
    "LAST_TRADE_DATE":"10/11/2011 00:00:00",
    "TRADE_VOLUME":"0",
    "REVENUE":"7,565",
    "TRAVEL_ENTERTAINMENT":"",
    "EVENT_COUNT":"",
    "MEETING_COUNT":""
  },
  {
    "CLIENT_ID":"6",
    "CLIENT_NAME":"client_6",
    "LAST_TRADE_DATE":"01/19/2012 00:00:00",
    "TRADE_VOLUME":"366,276",
    "REVENUE":"9,310",
    "TRAVEL_ENTERTAINMENT":"",
    "EVENT_COUNT":"",
    "MEETING_COUNT":""
  },
  {
    "CLIENT_ID":"60",
    "CLIENT_NAME":"client_60",
    "LAST_TRADE_DATE":"01/12/2012 00:00:00",
    "TRADE_VOLUME":"0",
    "REVENUE":"36,456",
    "TRAVEL_ENTERTAINMENT":"",
    "EVENT_COUNT":"",
    "MEETING_COUNT":""
  },
  {
    "CLIENT_ID":"600",
    "CLIENT_NAME":"client_600",
    "LAST_TRADE_DATE":"12/01/2011 00:00:00",
    "TRADE_VOLUME":"0",
    "REVENUE":"275,000",
    "TRAVEL_ENTERTAINMENT":"",
    "EVENT_COUNT":"",
    "MEETING_COUNT":""
  },
  {
    "CLIENT_ID":"601",
    "CLIENT_NAME":"client_601",
    "LAST_TRADE_DATE":"01/26/2012 00:00:00",
    "TRADE_VOLUME":"273,457",
    "REVENUE":"12,195",
    "TRAVEL_ENTERTAINMENT":"",
    "EVENT_COUNT":"",
    "MEETING_COUNT":""
  },
  {
    "CLIENT_ID":"602",
    "CLIENT_NAME":"client_602",
    "LAST_TRADE_DATE":"12/31/2011 00:00:00",
    "TRADE_VOLUME":"0",
    "REVENUE":"9,431",
    "TRAVEL_ENTERTAINMENT":"",
    "EVENT_COUNT":"",
    "MEETING_COUNT":""
  },
  {
    "CLIENT_ID":"603",
    "CLIENT_NAME":"client_603",
    "LAST_TRADE_DATE":"02/01/2012 00:00:00",
    "TRADE_VOLUME":"89,432,587",
    "REVENUE":"74,384",
    "TRAVEL_ENTERTAINMENT":"",
    "EVENT_COUNT":"",
    "MEETING_COUNT":""
  },
  {
    "CLIENT_ID":"604",
    "CLIENT_NAME":"client_604",
    "LAST_TRADE_DATE":"01/19/2012 00:00:00",
    "TRADE_VOLUME":"25,918,174",
    "REVENUE":"964,881",
    "TRAVEL_ENTERTAINMENT":"",
    "EVENT_COUNT":"1",
    "MEETING_COUNT":"61"
  },
  {
    "CLIENT_ID":"605",
    "CLIENT_NAME":"client_605",
    "LAST_TRADE_DATE":"12/07/2011 00:00:00",
    "TRADE_VOLUME":"7,080",
    "REVENUE":"106",
    "TRAVEL_ENTERTAINMENT":"",
    "EVENT_COUNT":"",
    "MEETING_COUNT":""
  },
  {
    "CLIENT_ID":"606",
    "CLIENT_NAME":"client_606",
    "LAST_TRADE_DATE":"12/13/2011 00:00:00",
    "TRADE_VOLUME":"7,562,375",
    "REVENUE":"94,531",
    "TRAVEL_ENTERTAINMENT":"",
    "EVENT_COUNT":"",
    "MEETING_COUNT":""
  },
  {
    "CLIENT_ID":"607",
    "CLIENT_NAME":"client_607",
    "LAST_TRADE_DATE":"12/01/2011 00:00:00",
    "TRADE_VOLUME":"0",
    "REVENUE":"5,775",
    "TRAVEL_ENTERTAINMENT":"",
    "EVENT_COUNT":"",
    "MEETING_COUNT":""
  },
  {
    "CLIENT_ID":"608",
    "CLIENT_NAME":"client_608",
    "LAST_TRADE_DATE":"01/05/2012 00:00:00",
    "TRADE_VOLUME":"715,389",
    "REVENUE":"17,812",
    "TRAVEL_ENTERTAINMENT":"",
    "EVENT_COUNT":"",
    "MEETING_COUNT":""
  },
  {
    "CLIENT_ID":"609",
    "CLIENT_NAME":"client_609",
    "LAST_TRADE_DATE":"12/09/2011 00:00:00",
    "TRADE_VOLUME":"4,704,066",
    "REVENUE":"21,375",
    "TRAVEL_ENTERTAINMENT":"",
    "EVENT_COUNT":"",
    "MEETING_COUNT":""
  },
  {
    "CLIENT_ID":"61",
    "CLIENT_NAME":"client_61",
    "LAST_TRADE_DATE":"01/31/2012 00:00:00",
    "TRADE_VOLUME":"262,058",
    "REVENUE":"18,699",
    "TRAVEL_ENTERTAINMENT":"",
    "EVENT_COUNT":"",
    "MEETING_COUNT":""
  },
  {
    "CLIENT_ID":"610",
    "CLIENT_NAME":"client_610",
    "LAST_TRADE_DATE":"11/29/2011 00:00:00",
    "TRADE_VOLUME":"9,000,000",
    "REVENUE":"12,283",
    "TRAVEL_ENTERTAINMENT":"",
    "EVENT_COUNT":"",
    "MEETING_COUNT":""
  },
  {
    "CLIENT_ID":"611",
    "CLIENT_NAME":"client_611",
    "LAST_TRADE_DATE":"12/31/2011 00:00:00",
    "TRADE_VOLUME":"0",
    "REVENUE":"97",
    "TRAVEL_ENTERTAINMENT":"",
    "EVENT_COUNT":"",
    "MEETING_COUNT":""
  },
  {
    "CLIENT_ID":"612",
    "CLIENT_NAME":"client_612",
    "LAST_TRADE_DATE":"12/31/2011 00:00:00",
    "TRADE_VOLUME":"0",
    "REVENUE":"63",
    "TRAVEL_ENTERTAINMENT":"",
    "EVENT_COUNT":"",
    "MEETING_COUNT":""
  },
  {
    "CLIENT_ID":"613",
    "CLIENT_NAME":"client_613",
    "LAST_TRADE_DATE":"01/26/2012 00:00:00",
    "TRADE_VOLUME":"3,348",
    "REVENUE":"58,982",
    "TRAVEL_ENTERTAINMENT":"",
    "EVENT_COUNT":"",
    "MEETING_COUNT":""
  },
  {
    "CLIENT_ID":"614",
    "CLIENT_NAME":"client_614",
    "LAST_TRADE_DATE":"09/21/2011 00:00:00",
    "TRADE_VOLUME":"1,000",
    "REVENUE":"0",
    "TRAVEL_ENTERTAINMENT":"",
    "EVENT_COUNT":"",
    "MEETING_COUNT":""
  },
  {
    "CLIENT_ID":"615",
    "CLIENT_NAME":"client_615",
    "LAST_TRADE_DATE":"01/27/2012 00:00:00",
    "TRADE_VOLUME":"771,628",
    "REVENUE":"9,215",
    "TRAVEL_ENTERTAINMENT":"2626.35",
    "EVENT_COUNT":"1",
    "MEETING_COUNT":"57"
  },
  {
    "CLIENT_ID":"616",
    "CLIENT_NAME":"client_616",
    "LAST_TRADE_DATE":"12/23/2011 00:00:00",
    "TRADE_VOLUME":"115,000",
    "REVENUE":"894",
    "TRAVEL_ENTERTAINMENT":"",
    "EVENT_COUNT":"",
    "MEETING_COUNT":""
  },
  {
    "CLIENT_ID":"617",
    "CLIENT_NAME":"client_617",
    "LAST_TRADE_DATE":"11/16/2011 00:00:00",
    "TRADE_VOLUME":"0",
    "REVENUE":"147",
    "TRAVEL_ENTERTAINMENT":"",
    "EVENT_COUNT":"",
    "MEETING_COUNT":""
  },
  {
    "CLIENT_ID":"618",
    "CLIENT_NAME":"client_618",
    "LAST_TRADE_DATE":"01/31/2012 00:00:00",
    "TRADE_VOLUME":"3,500,801",
    "REVENUE":"91,945",
    "TRAVEL_ENTERTAINMENT":"",
    "EVENT_COUNT":"",
    "MEETING_COUNT":"20"
  },
  {
    "CLIENT_ID":"619",
    "CLIENT_NAME":"client_619",
    "LAST_TRADE_DATE":"12/31/2011 00:00:00",
    "TRADE_VOLUME":"0",
    "REVENUE":"220",
    "TRAVEL_ENTERTAINMENT":"",
    "EVENT_COUNT":"",
    "MEETING_COUNT":""
  },
  {
    "CLIENT_ID":"62",
    "CLIENT_NAME":"client_62",
    "LAST_TRADE_DATE":"01/30/2012 00:00:00",
    "TRADE_VOLUME":"68,339",
    "REVENUE":"42,481",
    "TRAVEL_ENTERTAINMENT":"",
    "EVENT_COUNT":"",
    "MEETING_COUNT":""
  },
  {
    "CLIENT_ID":"620",
    "CLIENT_NAME":"client_620",
    "LAST_TRADE_DATE":"12/31/2011 00:00:00",
    "TRADE_VOLUME":"0",
    "REVENUE":"187",
    "TRAVEL_ENTERTAINMENT":"",
    "EVENT_COUNT":"",
    "MEETING_COUNT":""
  },
  {
    "CLIENT_ID":"621",
    "CLIENT_NAME":"client_621",
    "LAST_TRADE_DATE":"12/31/2011 00:00:00",
    "TRADE_VOLUME":"0",
    "REVENUE":"-19,653",
    "TRAVEL_ENTERTAINMENT":"",
    "EVENT_COUNT":"",
    "MEETING_COUNT":""
  },
  {
    "CLIENT_ID":"622",
    "CLIENT_NAME":"client_622",
    "LAST_TRADE_DATE":"10/31/2011 00:00:00",
    "TRADE_VOLUME":"0",
    "REVENUE":"1",
    "TRAVEL_ENTERTAINMENT":"",
    "EVENT_COUNT":"",
    "MEETING_COUNT":""
  },
  {
    "CLIENT_ID":"623",
    "CLIENT_NAME":"client_623",
    "LAST_TRADE_DATE":"02/01/2012 00:00:00",
    "TRADE_VOLUME":"1,482,535,095",
    "REVENUE":"5,036,205",
    "TRAVEL_ENTERTAINMENT":"50362.05",
    "EVENT_COUNT":"32",
    "MEETING_COUNT":"1,599"
  },
  {
    "CLIENT_ID":"624",
    "CLIENT_NAME":"client_624",
    "LAST_TRADE_DATE":"02/01/2012 00:00:00",
    "TRADE_VOLUME":"130,349,353",
    "REVENUE":"3,532,625",
    "TRAVEL_ENTERTAINMENT":"35326.25",
    "EVENT_COUNT":"5",
    "MEETING_COUNT":"238"
  },
  {
    "CLIENT_ID":"625",
    "CLIENT_NAME":"client_625",
    "LAST_TRADE_DATE":"01/27/2012 00:00:00",
    "TRADE_VOLUME":"99,859",
    "REVENUE":"12,182",
    "TRAVEL_ENTERTAINMENT":"",
    "EVENT_COUNT":"",
    "MEETING_COUNT":""
  },
  {
    "CLIENT_ID":"626",
    "CLIENT_NAME":"client_626",
    "LAST_TRADE_DATE":"12/31/2011 00:00:00",
    "TRADE_VOLUME":"0",
    "REVENUE":"368,919",
    "TRAVEL_ENTERTAINMENT":"",
    "EVENT_COUNT":"",
    "MEETING_COUNT":""
  },
  {
    "CLIENT_ID":"627",
    "CLIENT_NAME":"client_627",
    "LAST_TRADE_DATE":"01/16/2012 00:00:00",
    "TRADE_VOLUME":"200,000",
    "REVENUE":"200",
    "TRAVEL_ENTERTAINMENT":"",
    "EVENT_COUNT":"",
    "MEETING_COUNT":""
  },
  {
    "CLIENT_ID":"628",
    "CLIENT_NAME":"client_628",
    "LAST_TRADE_DATE":"12/08/2011 00:00:00",
    "TRADE_VOLUME":"400,000",
    "REVENUE":"1,000",
    "TRAVEL_ENTERTAINMENT":"",
    "EVENT_COUNT":"",
    "MEETING_COUNT":""
  },
  {
    "CLIENT_ID":"629",
    "CLIENT_NAME":"client_629",
    "LAST_TRADE_DATE":"01/26/2012 00:00:00",
    "TRADE_VOLUME":"1,286,533",
    "REVENUE":"74,109",
    "TRAVEL_ENTERTAINMENT":"",
    "EVENT_COUNT":"",
    "MEETING_COUNT":"2"
  },
  {
    "CLIENT_ID":"63",
    "CLIENT_NAME":"client_63",
    "LAST_TRADE_DATE":"12/31/2011 00:00:00",
    "TRADE_VOLUME":"0",
    "REVENUE":"3,350",
    "TRAVEL_ENTERTAINMENT":"",
    "EVENT_COUNT":"",
    "MEETING_COUNT":""
  },
  {
    "CLIENT_ID":"630",
    "CLIENT_NAME":"client_630",
    "LAST_TRADE_DATE":"10/17/2011 00:00:00",
    "TRADE_VOLUME":"0",
    "REVENUE":"2,875,607",
    "TRAVEL_ENTERTAINMENT":"",
    "EVENT_COUNT":"",
    "MEETING_COUNT":""
  },
  {
    "CLIENT_ID":"631",
    "CLIENT_NAME":"client_631",
    "LAST_TRADE_DATE":"01/04/2012 00:00:00",
    "TRADE_VOLUME":"5,586,458",
    "REVENUE":"8,480",
    "TRAVEL_ENTERTAINMENT":"42.40",
    "EVENT_COUNT":"",
    "MEETING_COUNT":"1"
  },
  {
    "CLIENT_ID":"632",
    "CLIENT_NAME":"client_632",
    "LAST_TRADE_DATE":"01/19/2012 00:00:00",
    "TRADE_VOLUME":"1,461,600",
    "REVENUE":"23,676",
    "TRAVEL_ENTERTAINMENT":"",
    "EVENT_COUNT":"",
    "MEETING_COUNT":""
  },
  {
    "CLIENT_ID":"633",
    "CLIENT_NAME":"client_633",
    "LAST_TRADE_DATE":"12/13/2011 00:00:00",
    "TRADE_VOLUME":"22,075,931",
    "REVENUE":"11,582",
    "TRAVEL_ENTERTAINMENT":"",
    "EVENT_COUNT":"",
    "MEETING_COUNT":""
  },
  {
    "CLIENT_ID":"634",
    "CLIENT_NAME":"client_634",
    "LAST_TRADE_DATE":"12/07/2011 00:00:00",
    "TRADE_VOLUME":"0",
    "REVENUE":"43,678",
    "TRAVEL_ENTERTAINMENT":"",
    "EVENT_COUNT":"",
    "MEETING_COUNT":""
  },
  {
    "CLIENT_ID":"635",
    "CLIENT_NAME":"client_635",
    "LAST_TRADE_DATE":"09/19/2011 00:00:00",
    "TRADE_VOLUME":"620",
    "REVENUE":"726",
    "TRAVEL_ENTERTAINMENT":"",
    "EVENT_COUNT":"",
    "MEETING_COUNT":""
  },
  {
    "CLIENT_ID":"636",
    "CLIENT_NAME":"client_636",
    "LAST_TRADE_DATE":"01/26/2012 00:00:00",
    "TRADE_VOLUME":"4,990,900",
    "REVENUE":"54,946",
    "TRAVEL_ENTERTAINMENT":"",
    "EVENT_COUNT":"1",
    "MEETING_COUNT":"35"
  },
  {
    "CLIENT_ID":"637",
    "CLIENT_NAME":"client_637",
    "LAST_TRADE_DATE":"10/19/2011 00:00:00",
    "TRADE_VOLUME":"0",
    "REVENUE":"47,164",
    "TRAVEL_ENTERTAINMENT":"",
    "EVENT_COUNT":"",
    "MEETING_COUNT":""
  },
  {
    "CLIENT_ID":"638",
    "CLIENT_NAME":"client_638",
    "LAST_TRADE_DATE":"11/29/2011 00:00:00",
    "TRADE_VOLUME":"7,500",
    "REVENUE":"5,985",
    "TRAVEL_ENTERTAINMENT":"",
    "EVENT_COUNT":"",
    "MEETING_COUNT":""
  },
  {
    "CLIENT_ID":"639",
    "CLIENT_NAME":"client_639",
    "LAST_TRADE_DATE":"09/22/2011 00:00:00",
    "TRADE_VOLUME":"70,700",
    "REVENUE":"2,462",
    "TRAVEL_ENTERTAINMENT":"24.62",
    "EVENT_COUNT":"",
    "MEETING_COUNT":"2"
  },
  {
    "CLIENT_ID":"64",
    "CLIENT_NAME":"client_64",
    "LAST_TRADE_DATE":"11/17/2011 00:00:00",
    "TRADE_VOLUME":"0",
    "REVENUE":"282,024",
    "TRAVEL_ENTERTAINMENT":"",
    "EVENT_COUNT":"",
    "MEETING_COUNT":""
  },
  {
    "CLIENT_ID":"640",
    "CLIENT_NAME":"client_640",
    "LAST_TRADE_DATE":"02/01/2012 00:00:00",
    "TRADE_VOLUME":"2,878,651",
    "REVENUE":"107,752",
    "TRAVEL_ENTERTAINMENT":"",
    "EVENT_COUNT":"",
    "MEETING_COUNT":""
  },
  {
    "CLIENT_ID":"641",
    "CLIENT_NAME":"client_641",
    "LAST_TRADE_DATE":"01/20/2012 00:00:00",
    "TRADE_VOLUME":"31,437,758",
    "REVENUE":"580,986",
    "TRAVEL_ENTERTAINMENT":"",
    "EVENT_COUNT":"1",
    "MEETING_COUNT":"63"
  },
  {
    "CLIENT_ID":"642",
    "CLIENT_NAME":"client_642",
    "LAST_TRADE_DATE":"01/10/2012 00:00:00",
    "TRADE_VOLUME":"112,000",
    "REVENUE":"95",
    "TRAVEL_ENTERTAINMENT":"",
    "EVENT_COUNT":"",
    "MEETING_COUNT":""
  },
  {
    "CLIENT_ID":"643",
    "CLIENT_NAME":"client_643",
    "LAST_TRADE_DATE":"02/01/2012 00:00:00",
    "TRADE_VOLUME":"284,599,000",
    "REVENUE":"40,552",
    "TRAVEL_ENTERTAINMENT":"",
    "EVENT_COUNT":"",
    "MEETING_COUNT":""
  },
  {
    "CLIENT_ID":"644",
    "CLIENT_NAME":"client_644",
    "LAST_TRADE_DATE":"01/19/2012 00:00:00",
    "TRADE_VOLUME":"0",
    "REVENUE":"37,043",
    "TRAVEL_ENTERTAINMENT":"",
    "EVENT_COUNT":"",
    "MEETING_COUNT":""
  },
  {
    "CLIENT_ID":"645",
    "CLIENT_NAME":"client_645",
    "LAST_TRADE_DATE":"01/20/2012 00:00:00",
    "TRADE_VOLUME":"310,000",
    "REVENUE":"434",
    "TRAVEL_ENTERTAINMENT":"",
    "EVENT_COUNT":"",
    "MEETING_COUNT":""
  },
  {
    "CLIENT_ID":"646",
    "CLIENT_NAME":"client_646",
    "LAST_TRADE_DATE":"01/30/2012 00:00:00",
    "TRADE_VOLUME":"45,794,810",
    "REVENUE":"68,820",
    "TRAVEL_ENTERTAINMENT":"",
    "EVENT_COUNT":"",
    "MEETING_COUNT":""
  },
  {
    "CLIENT_ID":"647",
    "CLIENT_NAME":"client_647",
    "LAST_TRADE_DATE":"12/15/2011 00:00:00",
    "TRADE_VOLUME":"137,000",
    "REVENUE":"88",
    "TRAVEL_ENTERTAINMENT":"",
    "EVENT_COUNT":"",
    "MEETING_COUNT":"14"
  },
  {
    "CLIENT_ID":"648",
    "CLIENT_NAME":"client_648",
    "LAST_TRADE_DATE":"01/31/2012 00:00:00",
    "TRADE_VOLUME":"27,594",
    "REVENUE":"121",
    "TRAVEL_ENTERTAINMENT":"",
    "EVENT_COUNT":"",
    "MEETING_COUNT":""
  },
  {
    "CLIENT_ID":"649",
    "CLIENT_NAME":"client_649",
    "LAST_TRADE_DATE":"12/15/2011 00:00:00",
    "TRADE_VOLUME":"0",
    "REVENUE":"1,330,000",
    "TRAVEL_ENTERTAINMENT":"",
    "EVENT_COUNT":"",
    "MEETING_COUNT":""
  },
  {
    "CLIENT_ID":"65",
    "CLIENT_NAME":"client_65",
    "LAST_TRADE_DATE":"01/27/2012 00:00:00",
    "TRADE_VOLUME":"79,034,900",
    "REVENUE":"468,469",
    "TRAVEL_ENTERTAINMENT":"",
    "EVENT_COUNT":"",
    "MEETING_COUNT":""
  },
  {
    "CLIENT_ID":"650",
    "CLIENT_NAME":"client_650",
    "LAST_TRADE_DATE":"02/01/2012 00:00:00",
    "TRADE_VOLUME":"79,671,969",
    "REVENUE":"6,235",
    "TRAVEL_ENTERTAINMENT":"",
    "EVENT_COUNT":"",
    "MEETING_COUNT":""
  },
  {
    "CLIENT_ID":"651",
    "CLIENT_NAME":"client_651",
    "LAST_TRADE_DATE":"02/01/2012 00:00:00",
    "TRADE_VOLUME":"60,000",
    "REVENUE":"3,810",
    "TRAVEL_ENTERTAINMENT":"19.05",
    "EVENT_COUNT":"",
    "MEETING_COUNT":"1"
  },
  {
    "CLIENT_ID":"652",
    "CLIENT_NAME":"client_652",
    "LAST_TRADE_DATE":"12/31/2011 00:00:00",
    "TRADE_VOLUME":"0",
    "REVENUE":"13,386",
    "TRAVEL_ENTERTAINMENT":"200.79",
    "EVENT_COUNT":"",
    "MEETING_COUNT":"3"
  },
  {
    "CLIENT_ID":"653",
    "CLIENT_NAME":"client_653",
    "LAST_TRADE_DATE":"12/06/2011 00:00:00",
    "TRADE_VOLUME":"141,200",
    "REVENUE":"158",
    "TRAVEL_ENTERTAINMENT":"",
    "EVENT_COUNT":"",
    "MEETING_COUNT":""
  },
  {
    "CLIENT_ID":"654",
    "CLIENT_NAME":"client_654",
    "LAST_TRADE_DATE":"12/15/2011 00:00:00",
    "TRADE_VOLUME":"250,000",
    "REVENUE":"477",
    "TRAVEL_ENTERTAINMENT":"",
    "EVENT_COUNT":"",
    "MEETING_COUNT":""
  },
  {
    "CLIENT_ID":"655",
    "CLIENT_NAME":"client_655",
    "LAST_TRADE_DATE":"01/18/2012 00:00:00",
    "TRADE_VOLUME":"3,100,000",
    "REVENUE":"91,216",
    "TRAVEL_ENTERTAINMENT":"",
    "EVENT_COUNT":"",
    "MEETING_COUNT":"13"
  },
  {
    "CLIENT_ID":"656",
    "CLIENT_NAME":"client_656",
    "LAST_TRADE_DATE":"12/01/2011 00:00:00",
    "TRADE_VOLUME":"0",
    "REVENUE":"32",
    "TRAVEL_ENTERTAINMENT":"",
    "EVENT_COUNT":"",
    "MEETING_COUNT":""
  },
  {
    "CLIENT_ID":"657",
    "CLIENT_NAME":"client_657",
    "LAST_TRADE_DATE":"12/01/2011 00:00:00",
    "TRADE_VOLUME":"0",
    "REVENUE":"270",
    "TRAVEL_ENTERTAINMENT":"",
    "EVENT_COUNT":"",
    "MEETING_COUNT":""
  },
  {
    "CLIENT_ID":"658",
    "CLIENT_NAME":"client_658",
    "LAST_TRADE_DATE":"12/19/2011 00:00:00",
    "TRADE_VOLUME":"1,255",
    "REVENUE":"13",
    "TRAVEL_ENTERTAINMENT":"",
    "EVENT_COUNT":"",
    "MEETING_COUNT":""
  },
  {
    "CLIENT_ID":"659",
    "CLIENT_NAME":"client_659",
    "LAST_TRADE_DATE":"12/16/2011 00:00:00",
    "TRADE_VOLUME":"12,957",
    "REVENUE":"658",
    "TRAVEL_ENTERTAINMENT":"154.53",
    "EVENT_COUNT":"1",
    "MEETING_COUNT":"47"
  },
  {
    "CLIENT_ID":"66",
    "CLIENT_NAME":"client_66",
    "LAST_TRADE_DATE":"01/30/2012 00:00:00",
    "TRADE_VOLUME":"0",
    "REVENUE":"543,000",
    "TRAVEL_ENTERTAINMENT":"",
    "EVENT_COUNT":"",
    "MEETING_COUNT":""
  },
  {
    "CLIENT_ID":"660",
    "CLIENT_NAME":"client_660",
    "LAST_TRADE_DATE":"01/31/2012 00:00:00",
    "TRADE_VOLUME":"8,563,292",
    "REVENUE":"326,194",
    "TRAVEL_ENTERTAINMENT":"",
    "EVENT_COUNT":"3",
    "MEETING_COUNT":"143"
  },
  {
    "CLIENT_ID":"661",
    "CLIENT_NAME":"client_661",
    "LAST_TRADE_DATE":"02/01/2012 00:00:00",
    "TRADE_VOLUME":"12,200,722",
    "REVENUE":"545,713",
    "TRAVEL_ENTERTAINMENT":"",
    "EVENT_COUNT":"1",
    "MEETING_COUNT":"65"
  },
  {
    "CLIENT_ID":"662",
    "CLIENT_NAME":"client_662",
    "LAST_TRADE_DATE":"08/24/2011 00:00:00",
    "TRADE_VOLUME":"305,747",
    "REVENUE":"0",
    "TRAVEL_ENTERTAINMENT":"",
    "EVENT_COUNT":"",
    "MEETING_COUNT":""
  },
  {
    "CLIENT_ID":"663",
    "CLIENT_NAME":"client_663",
    "LAST_TRADE_DATE":"01/24/2012 00:00:00",
    "TRADE_VOLUME":"23,572",
    "REVENUE":"20,836",
    "TRAVEL_ENTERTAINMENT":"",
    "EVENT_COUNT":"",
    "MEETING_COUNT":""
  },
  {
    "CLIENT_ID":"664",
    "CLIENT_NAME":"client_664",
    "LAST_TRADE_DATE":"12/01/2011 00:00:00",
    "TRADE_VOLUME":"0",
    "REVENUE":"37,226",
    "TRAVEL_ENTERTAINMENT":"",
    "EVENT_COUNT":"",
    "MEETING_COUNT":""
  },
  {
    "CLIENT_ID":"665",
    "CLIENT_NAME":"client_665",
    "LAST_TRADE_DATE":"12/01/2011 00:00:00",
    "TRADE_VOLUME":"0",
    "REVENUE":"39,349",
    "TRAVEL_ENTERTAINMENT":"",
    "EVENT_COUNT":"",
    "MEETING_COUNT":""
  },
  {
    "CLIENT_ID":"666",
    "CLIENT_NAME":"client_666",
    "LAST_TRADE_DATE":"12/01/2011 00:00:00",
    "TRADE_VOLUME":"0",
    "REVENUE":"30,705",
    "TRAVEL_ENTERTAINMENT":"",
    "EVENT_COUNT":"",
    "MEETING_COUNT":""
  },
  {
    "CLIENT_ID":"667",
    "CLIENT_NAME":"client_667",
    "LAST_TRADE_DATE":"01/12/2012 00:00:00",
    "TRADE_VOLUME":"50,500",
    "REVENUE":"1,515",
    "TRAVEL_ENTERTAINMENT":"",
    "EVENT_COUNT":"",
    "MEETING_COUNT":""
  },
  {
    "CLIENT_ID":"668",
    "CLIENT_NAME":"client_668",
    "LAST_TRADE_DATE":"12/31/2011 00:00:00",
    "TRADE_VOLUME":"10",
    "REVENUE":"714",
    "TRAVEL_ENTERTAINMENT":"",
    "EVENT_COUNT":"",
    "MEETING_COUNT":""
  },
  {
    "CLIENT_ID":"669",
    "CLIENT_NAME":"client_669",
    "LAST_TRADE_DATE":"01/30/2012 00:00:00",
    "TRADE_VOLUME":"45,287",
    "REVENUE":"178,341",
    "TRAVEL_ENTERTAINMENT":"",
    "EVENT_COUNT":"",
    "MEETING_COUNT":""
  },
  {
    "CLIENT_ID":"67",
    "CLIENT_NAME":"client_67",
    "LAST_TRADE_DATE":"02/01/2012 00:00:00",
    "TRADE_VOLUME":"11,032,355",
    "REVENUE":"52,109",
    "TRAVEL_ENTERTAINMENT":"",
    "EVENT_COUNT":"",
    "MEETING_COUNT":""
  },
  {
    "CLIENT_ID":"670",
    "CLIENT_NAME":"client_670",
    "LAST_TRADE_DATE":"02/01/2012 00:00:00",
    "TRADE_VOLUME":"184,736,429",
    "REVENUE":"5,108,153",
    "TRAVEL_ENTERTAINMENT":"51081.53",
    "EVENT_COUNT":"3",
    "MEETING_COUNT":"162"
  },
  {
    "CLIENT_ID":"671",
    "CLIENT_NAME":"client_671",
    "LAST_TRADE_DATE":"12/27/2011 00:00:00",
    "TRADE_VOLUME":"60,000",
    "REVENUE":"3,912",
    "TRAVEL_ENTERTAINMENT":"",
    "EVENT_COUNT":"",
    "MEETING_COUNT":""
  },
  {
    "CLIENT_ID":"672",
    "CLIENT_NAME":"client_672",
    "LAST_TRADE_DATE":"12/28/2011 00:00:00",
    "TRADE_VOLUME":"75",
    "REVENUE":"225",
    "TRAVEL_ENTERTAINMENT":"",
    "EVENT_COUNT":"",
    "MEETING_COUNT":""
  },
  {
    "CLIENT_ID":"673",
    "CLIENT_NAME":"client_673",
    "LAST_TRADE_DATE":"12/28/2011 00:00:00",
    "TRADE_VOLUME":"0",
    "REVENUE":"14,851",
    "TRAVEL_ENTERTAINMENT":"",
    "EVENT_COUNT":"",
    "MEETING_COUNT":""
  },
  {
    "CLIENT_ID":"674",
    "CLIENT_NAME":"client_674",
    "LAST_TRADE_DATE":"01/18/2012 00:00:00",
    "TRADE_VOLUME":"1,465,041",
    "REVENUE":"188,182",
    "TRAVEL_ENTERTAINMENT":"",
    "EVENT_COUNT":"",
    "MEETING_COUNT":""
  },
  {
    "CLIENT_ID":"675",
    "CLIENT_NAME":"client_675",
    "LAST_TRADE_DATE":"12/28/2011 00:00:00",
    "TRADE_VOLUME":"0",
    "REVENUE":"17,865",
    "TRAVEL_ENTERTAINMENT":"",
    "EVENT_COUNT":"",
    "MEETING_COUNT":""
  },
  {
    "CLIENT_ID":"676",
    "CLIENT_NAME":"client_676",
    "LAST_TRADE_DATE":"02/01/2012 00:00:00",
    "TRADE_VOLUME":"1,116,524,071",
    "REVENUE":"7,130,509",
    "TRAVEL_ENTERTAINMENT":"71305.09",
    "EVENT_COUNT":"13",
    "MEETING_COUNT":"641"
  },
  {
    "CLIENT_ID":"677",
    "CLIENT_NAME":"client_677",
    "LAST_TRADE_DATE":"12/21/2011 00:00:00",
    "TRADE_VOLUME":"45,139,000",
    "REVENUE":"14,635",
    "TRAVEL_ENTERTAINMENT":"",
    "EVENT_COUNT":"",
    "MEETING_COUNT":""
  },
  {
    "CLIENT_ID":"678",
    "CLIENT_NAME":"client_678",
    "LAST_TRADE_DATE":"11/30/2011 00:00:00",
    "TRADE_VOLUME":"0",
    "REVENUE":"1,565",
    "TRAVEL_ENTERTAINMENT":"",
    "EVENT_COUNT":"",
    "MEETING_COUNT":""
  },
  {
    "CLIENT_ID":"679",
    "CLIENT_NAME":"client_679",
    "LAST_TRADE_DATE":"01/30/2012 00:00:00",
    "TRADE_VOLUME":"7,363",
    "REVENUE":"15,449",
    "TRAVEL_ENTERTAINMENT":"",
    "EVENT_COUNT":"",
    "MEETING_COUNT":""
  },
  {
    "CLIENT_ID":"68",
    "CLIENT_NAME":"client_68",
    "LAST_TRADE_DATE":"11/11/2011 00:00:00",
    "TRADE_VOLUME":"1,381,100",
    "REVENUE":"2,285",
    "TRAVEL_ENTERTAINMENT":"",
    "EVENT_COUNT":"",
    "MEETING_COUNT":""
  },
  {
    "CLIENT_ID":"680",
    "CLIENT_NAME":"client_680",
    "LAST_TRADE_DATE":"01/12/2012 00:00:00",
    "TRADE_VOLUME":"1,502",
    "REVENUE":"1,352",
    "TRAVEL_ENTERTAINMENT":"",
    "EVENT_COUNT":"",
    "MEETING_COUNT":""
  },
  {
    "CLIENT_ID":"681",
    "CLIENT_NAME":"client_681",
    "LAST_TRADE_DATE":"01/26/2012 00:00:00",
    "TRADE_VOLUME":"16,650,000",
    "REVENUE":"18,148",
    "TRAVEL_ENTERTAINMENT":"90.74",
    "EVENT_COUNT":"",
    "MEETING_COUNT":"1"
  },
  {
    "CLIENT_ID":"682",
    "CLIENT_NAME":"client_682",
    "LAST_TRADE_DATE":"02/01/2012 00:00:00",
    "TRADE_VOLUME":"13,370,611",
    "REVENUE":"106",
    "TRAVEL_ENTERTAINMENT":"",
    "EVENT_COUNT":"",
    "MEETING_COUNT":""
  },
  {
    "CLIENT_ID":"683",
    "CLIENT_NAME":"client_683",
    "LAST_TRADE_DATE":"12/13/2011 00:00:00",
    "TRADE_VOLUME":"0",
    "REVENUE":"0",
    "TRAVEL_ENTERTAINMENT":"",
    "EVENT_COUNT":"",
    "MEETING_COUNT":""
  },
  {
    "CLIENT_ID":"684",
    "CLIENT_NAME":"client_684",
    "LAST_TRADE_DATE":"01/13/2012 00:00:00",
    "TRADE_VOLUME":"485,300",
    "REVENUE":"4,853",
    "TRAVEL_ENTERTAINMENT":"48.53",
    "EVENT_COUNT":"",
    "MEETING_COUNT":"2"
  },
  {
    "CLIENT_ID":"685",
    "CLIENT_NAME":"client_685",
    "LAST_TRADE_DATE":"12/01/2011 00:00:00",
    "TRADE_VOLUME":"0",
    "REVENUE":"10,623",
    "TRAVEL_ENTERTAINMENT":"",
    "EVENT_COUNT":"",
    "MEETING_COUNT":""
  },
  {
    "CLIENT_ID":"686",
    "CLIENT_NAME":"client_686",
    "LAST_TRADE_DATE":"01/05/2012 00:00:00",
    "TRADE_VOLUME":"201,441",
    "REVENUE":"0",
    "TRAVEL_ENTERTAINMENT":"",
    "EVENT_COUNT":"",
    "MEETING_COUNT":""
  },
  {
    "CLIENT_ID":"687",
    "CLIENT_NAME":"client_687",
    "LAST_TRADE_DATE":"02/01/2012 00:00:00",
    "TRADE_VOLUME":"12,566,202",
    "REVENUE":"329,082",
    "TRAVEL_ENTERTAINMENT":"",
    "EVENT_COUNT":"1",
    "MEETING_COUNT":"36"
  },
  {
    "CLIENT_ID":"688",
    "CLIENT_NAME":"client_688",
    "LAST_TRADE_DATE":"01/13/2012 00:00:00",
    "TRADE_VOLUME":"555,625",
    "REVENUE":"16,084",
    "TRAVEL_ENTERTAINMENT":"",
    "EVENT_COUNT":"",
    "MEETING_COUNT":""
  },
  {
    "CLIENT_ID":"689",
    "CLIENT_NAME":"client_689",
    "LAST_TRADE_DATE":"02/01/2012 00:00:00",
    "TRADE_VOLUME":"63,050",
    "REVENUE":"3,518",
    "TRAVEL_ENTERTAINMENT":"",
    "EVENT_COUNT":"",
    "MEETING_COUNT":""
  },
  {
    "CLIENT_ID":"69",
    "CLIENT_NAME":"client_69",
    "LAST_TRADE_DATE":"02/01/2012 00:00:00",
    "TRADE_VOLUME":"481,300",
    "REVENUE":"13,235",
    "TRAVEL_ENTERTAINMENT":"",
    "EVENT_COUNT":"",
    "MEETING_COUNT":""
  },
  {
    "CLIENT_ID":"690",
    "CLIENT_NAME":"client_690",
    "LAST_TRADE_DATE":"01/26/2012 00:00:00",
    "TRADE_VOLUME":"1,200,000",
    "REVENUE":"32,519",
    "TRAVEL_ENTERTAINMENT":"",
    "EVENT_COUNT":"",
    "MEETING_COUNT":""
  },
  {
    "CLIENT_ID":"691",
    "CLIENT_NAME":"client_691",
    "LAST_TRADE_DATE":"01/10/2012 00:00:00",
    "TRADE_VOLUME":"115,248",
    "REVENUE":"4,266",
    "TRAVEL_ENTERTAINMENT":"",
    "EVENT_COUNT":"",
    "MEETING_COUNT":""
  },
  {
    "CLIENT_ID":"692",
    "CLIENT_NAME":"client_692",
    "LAST_TRADE_DATE":"12/31/2011 00:00:00",
    "TRADE_VOLUME":"0",
    "REVENUE":"1,748",
    "TRAVEL_ENTERTAINMENT":"",
    "EVENT_COUNT":"",
    "MEETING_COUNT":""
  },
  {
    "CLIENT_ID":"693",
    "CLIENT_NAME":"client_693",
    "LAST_TRADE_DATE":"01/11/2012 00:00:00",
    "TRADE_VOLUME":"5,000",
    "REVENUE":"56",
    "TRAVEL_ENTERTAINMENT":"",
    "EVENT_COUNT":"",
    "MEETING_COUNT":""
  },
  {
    "CLIENT_ID":"694",
    "CLIENT_NAME":"client_694",
    "LAST_TRADE_DATE":"01/11/2012 00:00:00",
    "TRADE_VOLUME":"500,000",
    "REVENUE":"1,250",
    "TRAVEL_ENTERTAINMENT":"556.25",
    "EVENT_COUNT":"2",
    "MEETING_COUNT":"89"
  },
  {
    "CLIENT_ID":"695",
    "CLIENT_NAME":"client_695",
    "LAST_TRADE_DATE":"01/17/2012 00:00:00",
    "TRADE_VOLUME":"35,000",
    "REVENUE":"1,750",
    "TRAVEL_ENTERTAINMENT":"",
    "EVENT_COUNT":"",
    "MEETING_COUNT":""
  },
  {
    "CLIENT_ID":"696",
    "CLIENT_NAME":"client_696",
    "LAST_TRADE_DATE":"01/15/2012 00:00:00",
    "TRADE_VOLUME":"82,081",
    "REVENUE":"3,836",
    "TRAVEL_ENTERTAINMENT":"",
    "EVENT_COUNT":"",
    "MEETING_COUNT":""
  },
  {
    "CLIENT_ID":"697",
    "CLIENT_NAME":"client_697",
    "LAST_TRADE_DATE":"12/31/2011 00:00:00",
    "TRADE_VOLUME":"0",
    "REVENUE":"11",
    "TRAVEL_ENTERTAINMENT":"",
    "EVENT_COUNT":"",
    "MEETING_COUNT":"1"
  },
  {
    "CLIENT_ID":"698",
    "CLIENT_NAME":"client_698",
    "LAST_TRADE_DATE":"01/17/2012 00:00:00",
    "TRADE_VOLUME":"107,500",
    "REVENUE":"3,875",
    "TRAVEL_ENTERTAINMENT":"",
    "EVENT_COUNT":"",
    "MEETING_COUNT":""
  },
  {
    "CLIENT_ID":"699",
    "CLIENT_NAME":"client_699",
    "LAST_TRADE_DATE":"01/31/2012 00:00:00",
    "TRADE_VOLUME":"1,476,505",
    "REVENUE":"6,994",
    "TRAVEL_ENTERTAINMENT":"",
    "EVENT_COUNT":"",
    "MEETING_COUNT":""
  },
  {
    "CLIENT_ID":"7",
    "CLIENT_NAME":"client_7",
    "LAST_TRADE_DATE":"01/31/2012 00:00:00",
    "TRADE_VOLUME":"94,596,700",
    "REVENUE":"162,410",
    "TRAVEL_ENTERTAINMENT":"",
    "EVENT_COUNT":"",
    "MEETING_COUNT":""
  },
  {
    "CLIENT_ID":"70",
    "CLIENT_NAME":"client_70",
    "LAST_TRADE_DATE":"02/01/2012 00:00:00",
    "TRADE_VOLUME":"2,954,922",
    "REVENUE":"112,486",
    "TRAVEL_ENTERTAINMENT":"",
    "EVENT_COUNT":"",
    "MEETING_COUNT":"9"
  },
  {
    "CLIENT_ID":"700",
    "CLIENT_NAME":"client_700",
    "LAST_TRADE_DATE":"02/01/2012 00:00:00",
    "TRADE_VOLUME":"809,490",
    "REVENUE":"14,732",
    "TRAVEL_ENTERTAINMENT":"147.32",
    "EVENT_COUNT":"",
    "MEETING_COUNT":"2"
  },
  {
    "CLIENT_ID":"701",
    "CLIENT_NAME":"client_701",
    "LAST_TRADE_DATE":"02/01/2012 00:00:00",
    "TRADE_VOLUME":"1,302,352",
    "REVENUE":"13,024",
    "TRAVEL_ENTERTAINMENT":"",
    "EVENT_COUNT":"",
    "MEETING_COUNT":""
  },
  {
    "CLIENT_ID":"702",
    "CLIENT_NAME":"client_702",
    "LAST_TRADE_DATE":"02/01/2012 00:00:00",
    "TRADE_VOLUME":"194,639,168",
    "REVENUE":"217,395",
    "TRAVEL_ENTERTAINMENT":"",
    "EVENT_COUNT":"",
    "MEETING_COUNT":""
  },
  {
    "CLIENT_ID":"703",
    "CLIENT_NAME":"client_703",
    "LAST_TRADE_DATE":"12/01/2011 00:00:00",
    "TRADE_VOLUME":"8,425,835",
    "REVENUE":"44,953",
    "TRAVEL_ENTERTAINMENT":"",
    "EVENT_COUNT":"",
    "MEETING_COUNT":""
  },
  {
    "CLIENT_ID":"704",
    "CLIENT_NAME":"client_704",
    "LAST_TRADE_DATE":"01/13/2012 00:00:00",
    "TRADE_VOLUME":"12,387",
    "REVENUE":"218",
    "TRAVEL_ENTERTAINMENT":"",
    "EVENT_COUNT":"",
    "MEETING_COUNT":""
  },
  {
    "CLIENT_ID":"705",
    "CLIENT_NAME":"client_705",
    "LAST_TRADE_DATE":"12/31/2011 00:00:00",
    "TRADE_VOLUME":"0",
    "REVENUE":"14",
    "TRAVEL_ENTERTAINMENT":"",
    "EVENT_COUNT":"",
    "MEETING_COUNT":""
  },
  {
    "CLIENT_ID":"706",
    "CLIENT_NAME":"client_706",
    "LAST_TRADE_DATE":"12/31/2011 00:00:00",
    "TRADE_VOLUME":"0",
    "REVENUE":"35,538",
    "TRAVEL_ENTERTAINMENT":"",
    "EVENT_COUNT":"",
    "MEETING_COUNT":""
  },
  {
    "CLIENT_ID":"707",
    "CLIENT_NAME":"client_707",
    "LAST_TRADE_DATE":"12/31/2011 00:00:00",
    "TRADE_VOLUME":"0",
    "REVENUE":"114",
    "TRAVEL_ENTERTAINMENT":"",
    "EVENT_COUNT":"",
    "MEETING_COUNT":""
  },
  {
    "CLIENT_ID":"708",
    "CLIENT_NAME":"client_708",
    "LAST_TRADE_DATE":"12/31/2011 00:00:00",
    "TRADE_VOLUME":"0",
    "REVENUE":"33",
    "TRAVEL_ENTERTAINMENT":"",
    "EVENT_COUNT":"",
    "MEETING_COUNT":""
  },
  {
    "CLIENT_ID":"709",
    "CLIENT_NAME":"client_709",
    "LAST_TRADE_DATE":"12/31/2011 00:00:00",
    "TRADE_VOLUME":"0",
    "REVENUE":"832",
    "TRAVEL_ENTERTAINMENT":"",
    "EVENT_COUNT":"",
    "MEETING_COUNT":""
  },
  {
    "CLIENT_ID":"71",
    "CLIENT_NAME":"client_71",
    "LAST_TRADE_DATE":"01/30/2012 00:00:00",
    "TRADE_VOLUME":"593,720",
    "REVENUE":"14,651",
    "TRAVEL_ENTERTAINMENT":"",
    "EVENT_COUNT":"",
    "MEETING_COUNT":""
  },
  {
    "CLIENT_ID":"710",
    "CLIENT_NAME":"client_710",
    "LAST_TRADE_DATE":"12/31/2011 00:00:00",
    "TRADE_VOLUME":"0",
    "REVENUE":"6,475",
    "TRAVEL_ENTERTAINMENT":"",
    "EVENT_COUNT":"",
    "MEETING_COUNT":""
  },
  {
    "CLIENT_ID":"711",
    "CLIENT_NAME":"client_711",
    "LAST_TRADE_DATE":"01/26/2012 00:00:00",
    "TRADE_VOLUME":"185,300",
    "REVENUE":"6,681",
    "TRAVEL_ENTERTAINMENT":"",
    "EVENT_COUNT":"",
    "MEETING_COUNT":""
  },
  {
    "CLIENT_ID":"712",
    "CLIENT_NAME":"client_712",
    "LAST_TRADE_DATE":"01/20/2012 00:00:00",
    "TRADE_VOLUME":"26,600",
    "REVENUE":"3",
    "TRAVEL_ENTERTAINMENT":"",
    "EVENT_COUNT":"",
    "MEETING_COUNT":""
  },
  {
    "CLIENT_ID":"713",
    "CLIENT_NAME":"client_713",
    "LAST_TRADE_DATE":"01/18/2012 00:00:00",
    "TRADE_VOLUME":"24,000",
    "REVENUE":"1,200",
    "TRAVEL_ENTERTAINMENT":"",
    "EVENT_COUNT":"",
    "MEETING_COUNT":""
  },
  {
    "CLIENT_ID":"714",
    "CLIENT_NAME":"client_714",
    "LAST_TRADE_DATE":"01/19/2012 00:00:00",
    "TRADE_VOLUME":"25,000",
    "REVENUE":"2,500",
    "TRAVEL_ENTERTAINMENT":"",
    "EVENT_COUNT":"",
    "MEETING_COUNT":""
  },
  {
    "CLIENT_ID":"715",
    "CLIENT_NAME":"client_715",
    "LAST_TRADE_DATE":"01/19/2012 00:00:00",
    "TRADE_VOLUME":"100",
    "REVENUE":"300",
    "TRAVEL_ENTERTAINMENT":"",
    "EVENT_COUNT":"",
    "MEETING_COUNT":""
  },
  {
    "CLIENT_ID":"716",
    "CLIENT_NAME":"client_716",
    "LAST_TRADE_DATE":"01/19/2012 00:00:00",
    "TRADE_VOLUME":"221,766",
    "REVENUE":"1,564",
    "TRAVEL_ENTERTAINMENT":"469.15",
    "EVENT_COUNT":"",
    "MEETING_COUNT":""
  },
  {
    "CLIENT_ID":"717",
    "CLIENT_NAME":"client_717",
    "LAST_TRADE_DATE":"01/30/2012 00:00:00",
    "TRADE_VOLUME":"222,166",
    "REVENUE":"1,265",
    "TRAVEL_ENTERTAINMENT":"",
    "EVENT_COUNT":"",
    "MEETING_COUNT":""
  },
  {
    "CLIENT_ID":"718",
    "CLIENT_NAME":"client_718",
    "LAST_TRADE_DATE":"01/11/2012 00:00:00",
    "TRADE_VOLUME":"424,000",
    "REVENUE":"2,328",
    "TRAVEL_ENTERTAINMENT":"",
    "EVENT_COUNT":"",
    "MEETING_COUNT":""
  },
  {
    "CLIENT_ID":"719",
    "CLIENT_NAME":"client_719",
    "LAST_TRADE_DATE":"12/13/2011 00:00:00",
    "TRADE_VOLUME":"53,400",
    "REVENUE":"525",
    "TRAVEL_ENTERTAINMENT":"325.51",
    "EVENT_COUNT":"2",
    "MEETING_COUNT":"124"
  },
  {
    "CLIENT_ID":"72",
    "CLIENT_NAME":"client_72",
    "LAST_TRADE_DATE":"08/31/2011 00:00:00",
    "TRADE_VOLUME":"5,997,136",
    "REVENUE":"20,478",
    "TRAVEL_ENTERTAINMENT":"2662.16",
    "EVENT_COUNT":"1",
    "MEETING_COUNT":"26"
  },
  {
    "CLIENT_ID":"720",
    "CLIENT_NAME":"client_720",
    "LAST_TRADE_DATE":"11/24/2011 00:00:00",
    "TRADE_VOLUME":"50,000",
    "REVENUE":"652",
    "TRAVEL_ENTERTAINMENT":"13.04",
    "EVENT_COUNT":"",
    "MEETING_COUNT":"4"
  },
  {
    "CLIENT_ID":"721",
    "CLIENT_NAME":"client_721",
    "LAST_TRADE_DATE":"01/23/2012 00:00:00",
    "TRADE_VOLUME":"0",
    "REVENUE":"0",
    "TRAVEL_ENTERTAINMENT":"",
    "EVENT_COUNT":"",
    "MEETING_COUNT":""
  },
  {
    "CLIENT_ID":"722",
    "CLIENT_NAME":"client_722",
    "LAST_TRADE_DATE":"02/01/2012 00:00:00",
    "TRADE_VOLUME":"7,162,685",
    "REVENUE":"11,293",
    "TRAVEL_ENTERTAINMENT":"451.73",
    "EVENT_COUNT":"",
    "MEETING_COUNT":"8"
  },
  {
    "CLIENT_ID":"723",
    "CLIENT_NAME":"client_723",
    "LAST_TRADE_DATE":"01/27/2012 00:00:00",
    "TRADE_VOLUME":"65,799,298",
    "REVENUE":"225,316",
    "TRAVEL_ENTERTAINMENT":"",
    "EVENT_COUNT":"",
    "MEETING_COUNT":""
  },
  {
    "CLIENT_ID":"724",
    "CLIENT_NAME":"client_724",
    "LAST_TRADE_DATE":"02/01/2012 00:00:00",
    "TRADE_VOLUME":"2,805,401",
    "REVENUE":"22,748",
    "TRAVEL_ENTERTAINMENT":"",
    "EVENT_COUNT":"",
    "MEETING_COUNT":""
  },
  {
    "CLIENT_ID":"725",
    "CLIENT_NAME":"client_725",
    "LAST_TRADE_DATE":"01/19/2012 00:00:00",
    "TRADE_VOLUME":"0",
    "REVENUE":"34,500",
    "TRAVEL_ENTERTAINMENT":"",
    "EVENT_COUNT":"",
    "MEETING_COUNT":""
  },
  {
    "CLIENT_ID":"726",
    "CLIENT_NAME":"client_726",
    "LAST_TRADE_DATE":"01/13/2012 00:00:00",
    "TRADE_VOLUME":"0",
    "REVENUE":"152,000",
    "TRAVEL_ENTERTAINMENT":"",
    "EVENT_COUNT":"",
    "MEETING_COUNT":""
  },
  {
    "CLIENT_ID":"727",
    "CLIENT_NAME":"client_727",
    "LAST_TRADE_DATE":"01/29/2012 00:00:00",
    "TRADE_VOLUME":"0",
    "REVENUE":"290,598",
    "TRAVEL_ENTERTAINMENT":"",
    "EVENT_COUNT":"",
    "MEETING_COUNT":""
  },
  {
    "CLIENT_ID":"728",
    "CLIENT_NAME":"client_728",
    "LAST_TRADE_DATE":"01/19/2012 00:00:00",
    "TRADE_VOLUME":"761,962",
    "REVENUE":"12,783",
    "TRAVEL_ENTERTAINMENT":"4282.47",
    "EVENT_COUNT":"1",
    "MEETING_COUNT":"67"
  },
  {
    "CLIENT_ID":"729",
    "CLIENT_NAME":"client_729",
    "LAST_TRADE_DATE":"01/23/2012 00:00:00",
    "TRADE_VOLUME":"998,000",
    "REVENUE":"55,595",
    "TRAVEL_ENTERTAINMENT":"",
    "EVENT_COUNT":"",
    "MEETING_COUNT":""
  },
  {
    "CLIENT_ID":"73",
    "CLIENT_NAME":"client_73",
    "LAST_TRADE_DATE":"02/01/2012 00:00:00",
    "TRADE_VOLUME":"9,297,548",
    "REVENUE":"61,853",
    "TRAVEL_ENTERTAINMENT":"",
    "EVENT_COUNT":"9",
    "MEETING_COUNT":"450"
  },
  {
    "CLIENT_ID":"730",
    "CLIENT_NAME":"client_730",
    "LAST_TRADE_DATE":"01/30/2012 00:00:00",
    "TRADE_VOLUME":"20,800",
    "REVENUE":"682",
    "TRAVEL_ENTERTAINMENT":"57.97",
    "EVENT_COUNT":"",
    "MEETING_COUNT":"17"
  },
  {
    "CLIENT_ID":"731",
    "CLIENT_NAME":"client_731",
    "LAST_TRADE_DATE":"01/24/2012 00:00:00",
    "TRADE_VOLUME":"40,440,000",
    "REVENUE":"25,761",
    "TRAVEL_ENTERTAINMENT":"",
    "EVENT_COUNT":"",
    "MEETING_COUNT":""
  },
  {
    "CLIENT_ID":"732",
    "CLIENT_NAME":"client_732",
    "LAST_TRADE_DATE":"01/31/2012 00:00:00",
    "TRADE_VOLUME":"1,637,684",
    "REVENUE":"493",
    "TRAVEL_ENTERTAINMENT":"",
    "EVENT_COUNT":"",
    "MEETING_COUNT":""
  },
  {
    "CLIENT_ID":"733",
    "CLIENT_NAME":"client_733",
    "LAST_TRADE_DATE":"01/17/2012 00:00:00",
    "TRADE_VOLUME":"0",
    "REVENUE":"500,000",
    "TRAVEL_ENTERTAINMENT":"",
    "EVENT_COUNT":"",
    "MEETING_COUNT":""
  },
  {
    "CLIENT_ID":"734",
    "CLIENT_NAME":"client_734",
    "LAST_TRADE_DATE":"05/27/2011 00:00:00",
    "TRADE_VOLUME":"0",
    "REVENUE":"900,000",
    "TRAVEL_ENTERTAINMENT":"",
    "EVENT_COUNT":"",
    "MEETING_COUNT":""
  },
  {
    "CLIENT_ID":"735",
    "CLIENT_NAME":"client_735",
    "LAST_TRADE_DATE":"01/30/2012 00:00:00",
    "TRADE_VOLUME":"3,952,000",
    "REVENUE":"9,880",
    "TRAVEL_ENTERTAINMENT":"",
    "EVENT_COUNT":"",
    "MEETING_COUNT":""
  },
  {
    "CLIENT_ID":"736",
    "CLIENT_NAME":"client_736",
    "LAST_TRADE_DATE":"02/01/2012 00:00:00",
    "TRADE_VOLUME":"60,794,569",
    "REVENUE":"290,772",
    "TRAVEL_ENTERTAINMENT":"",
    "EVENT_COUNT":"3",
    "MEETING_COUNT":"126"
  },
  {
    "CLIENT_ID":"737",
    "CLIENT_NAME":"client_737",
    "LAST_TRADE_DATE":"01/27/2012 00:00:00",
    "TRADE_VOLUME":"125,082",
    "REVENUE":"95,981",
    "TRAVEL_ENTERTAINMENT":"",
    "EVENT_COUNT":"",
    "MEETING_COUNT":"1"
  },
  {
    "CLIENT_ID":"738",
    "CLIENT_NAME":"client_738",
    "LAST_TRADE_DATE":"02/01/2012 00:00:00",
    "TRADE_VOLUME":"53,370,614",
    "REVENUE":"1,404,384",
    "TRAVEL_ENTERTAINMENT":"",
    "EVENT_COUNT":"7",
    "MEETING_COUNT":"337"
  },
  {
    "CLIENT_ID":"739",
    "CLIENT_NAME":"client_739",
    "LAST_TRADE_DATE":"02/01/2012 00:00:00",
    "TRADE_VOLUME":"266,088,646",
    "REVENUE":"1,117,416",
    "TRAVEL_ENTERTAINMENT":"",
    "EVENT_COUNT":"6",
    "MEETING_COUNT":"278"
  },
  {
    "CLIENT_ID":"74",
    "CLIENT_NAME":"client_74",
    "LAST_TRADE_DATE":"01/24/2012 00:00:00",
    "TRADE_VOLUME":"4,134,254",
    "REVENUE":"104,234",
    "TRAVEL_ENTERTAINMENT":"",
    "EVENT_COUNT":"",
    "MEETING_COUNT":"9"
  },
  {
    "CLIENT_ID":"740",
    "CLIENT_NAME":"client_740",
    "LAST_TRADE_DATE":"01/25/2012 00:00:00",
    "TRADE_VOLUME":"127,629",
    "REVENUE":"321,618",
    "TRAVEL_ENTERTAINMENT":"",
    "EVENT_COUNT":"",
    "MEETING_COUNT":""
  },
  {
    "CLIENT_ID":"741",
    "CLIENT_NAME":"client_741",
    "LAST_TRADE_DATE":"01/31/2012 00:00:00",
    "TRADE_VOLUME":"114,086,401",
    "REVENUE":"484,113",
    "TRAVEL_ENTERTAINMENT":"",
    "EVENT_COUNT":"2",
    "MEETING_COUNT":"95"
  },
  {
    "CLIENT_ID":"742",
    "CLIENT_NAME":"client_742",
    "LAST_TRADE_DATE":"02/01/2012 00:00:00",
    "TRADE_VOLUME":"36,847,373",
    "REVENUE":"171,075",
    "TRAVEL_ENTERTAINMENT":"",
    "EVENT_COUNT":"1",
    "MEETING_COUNT":"26"
  },
  {
    "CLIENT_ID":"743",
    "CLIENT_NAME":"client_743",
    "LAST_TRADE_DATE":"01/27/2012 00:00:00",
    "TRADE_VOLUME":"10,034,300",
    "REVENUE":"284,068",
    "TRAVEL_ENTERTAINMENT":"",
    "EVENT_COUNT":"1",
    "MEETING_COUNT":"36"
  },
  {
    "CLIENT_ID":"744",
    "CLIENT_NAME":"client_744",
    "LAST_TRADE_DATE":"02/01/2012 00:00:00",
    "TRADE_VOLUME":"1,283,816",
    "REVENUE":"39,713",
    "TRAVEL_ENTERTAINMENT":"",
    "EVENT_COUNT":"",
    "MEETING_COUNT":"9"
  },
  {
    "CLIENT_ID":"745",
    "CLIENT_NAME":"client_745",
    "LAST_TRADE_DATE":"02/01/2012 00:00:00",
    "TRADE_VOLUME":"19,587,470",
    "REVENUE":"683,890",
    "TRAVEL_ENTERTAINMENT":"",
    "EVENT_COUNT":"1",
    "MEETING_COUNT":"67"
  },
  {
    "CLIENT_ID":"746",
    "CLIENT_NAME":"client_746",
    "LAST_TRADE_DATE":"12/01/2011 00:00:00",
    "TRADE_VOLUME":"0",
    "REVENUE":"180,943",
    "TRAVEL_ENTERTAINMENT":"",
    "EVENT_COUNT":"",
    "MEETING_COUNT":""
  },
  {
    "CLIENT_ID":"747",
    "CLIENT_NAME":"client_747",
    "LAST_TRADE_DATE":"12/21/2011 00:00:00",
    "TRADE_VOLUME":"16,162,943",
    "REVENUE":"12,418",
    "TRAVEL_ENTERTAINMENT":"2980.28",
    "EVENT_COUNT":"1",
    "MEETING_COUNT":"48"
  },
  {
    "CLIENT_ID":"748",
    "CLIENT_NAME":"client_748",
    "LAST_TRADE_DATE":"01/19/2012 00:00:00",
    "TRADE_VOLUME":"2,351,032",
    "REVENUE":"250,395",
    "TRAVEL_ENTERTAINMENT":"",
    "EVENT_COUNT":"1",
    "MEETING_COUNT":"51"
  },
  {
    "CLIENT_ID":"749",
    "CLIENT_NAME":"client_749",
    "LAST_TRADE_DATE":"02/01/2012 00:00:00",
    "TRADE_VOLUME":"29,700,393",
    "REVENUE":"445,222",
    "TRAVEL_ENTERTAINMENT":"",
    "EVENT_COUNT":"1",
    "MEETING_COUNT":"26"
  },
  {
    "CLIENT_ID":"75",
    "CLIENT_NAME":"client_75",
    "LAST_TRADE_DATE":"01/20/2012 00:00:00",
    "TRADE_VOLUME":"395,000",
    "REVENUE":"9,761",
    "TRAVEL_ENTERTAINMENT":"146.41",
    "EVENT_COUNT":"",
    "MEETING_COUNT":"3"
  },
  {
    "CLIENT_ID":"750",
    "CLIENT_NAME":"client_750",
    "LAST_TRADE_DATE":"02/01/2012 00:00:00",
    "TRADE_VOLUME":"6,696,575",
    "REVENUE":"34,602",
    "TRAVEL_ENTERTAINMENT":"",
    "EVENT_COUNT":"",
    "MEETING_COUNT":"4"
  },
  {
    "CLIENT_ID":"751",
    "CLIENT_NAME":"client_751",
    "LAST_TRADE_DATE":"01/18/2012 00:00:00",
    "TRADE_VOLUME":"6,817,978",
    "REVENUE":"51,879",
    "TRAVEL_ENTERTAINMENT":"",
    "EVENT_COUNT":"",
    "MEETING_COUNT":"2"
  },
  {
    "CLIENT_ID":"752",
    "CLIENT_NAME":"client_752",
    "LAST_TRADE_DATE":"01/03/2012 00:00:00",
    "TRADE_VOLUME":"28,140,000",
    "REVENUE":"16,266",
    "TRAVEL_ENTERTAINMENT":"2439.93",
    "EVENT_COUNT":"1",
    "MEETING_COUNT":"30"
  },
  {
    "CLIENT_ID":"753",
    "CLIENT_NAME":"client_753",
    "LAST_TRADE_DATE":"11/03/2011 00:00:00",
    "TRADE_VOLUME":"110",
    "REVENUE":"66",
    "TRAVEL_ENTERTAINMENT":"",
    "EVENT_COUNT":"",
    "MEETING_COUNT":""
  },
  {
    "CLIENT_ID":"754",
    "CLIENT_NAME":"client_754",
    "LAST_TRADE_DATE":"02/01/2012 00:00:00",
    "TRADE_VOLUME":"4,213,177,354",
    "REVENUE":"2,930,525",
    "TRAVEL_ENTERTAINMENT":"29305.25",
    "EVENT_COUNT":"3",
    "MEETING_COUNT":"154"
  },
  {
    "CLIENT_ID":"755",
    "CLIENT_NAME":"client_755",
    "LAST_TRADE_DATE":"11/30/2011 00:00:00",
    "TRADE_VOLUME":"802,447",
    "REVENUE":"17,100",
    "TRAVEL_ENTERTAINMENT":"",
    "EVENT_COUNT":"",
    "MEETING_COUNT":""
  },
  {
    "CLIENT_ID":"756",
    "CLIENT_NAME":"client_756",
    "LAST_TRADE_DATE":"02/01/2012 00:00:00",
    "TRADE_VOLUME":"1,307,512,583",
    "REVENUE":"10,846,684",
    "TRAVEL_ENTERTAINMENT":"108466.84",
    "EVENT_COUNT":"12",
    "MEETING_COUNT":"589"
  },
  {
    "CLIENT_ID":"757",
    "CLIENT_NAME":"client_757",
    "LAST_TRADE_DATE":"02/01/2012 00:00:00",
    "TRADE_VOLUME":"56,320,689",
    "REVENUE":"58,234",
    "TRAVEL_ENTERTAINMENT":"",
    "EVENT_COUNT":"8",
    "MEETING_COUNT":"423"
  },
  {
    "CLIENT_ID":"758",
    "CLIENT_NAME":"client_758",
    "LAST_TRADE_DATE":"01/26/2012 00:00:00",
    "TRADE_VOLUME":"21,695,005",
    "REVENUE":"360,427",
    "TRAVEL_ENTERTAINMENT":"",
    "EVENT_COUNT":"2",
    "MEETING_COUNT":"76"
  },
  {
    "CLIENT_ID":"759",
    "CLIENT_NAME":"client_759",
    "LAST_TRADE_DATE":"02/01/2012 00:00:00",
    "TRADE_VOLUME":"479,245,620",
    "REVENUE":"1,960,670",
    "TRAVEL_ENTERTAINMENT":"",
    "EVENT_COUNT":"75",
    "MEETING_COUNT":"3,727"
  },
  {
    "CLIENT_ID":"76",
    "CLIENT_NAME":"client_76",
    "LAST_TRADE_DATE":"01/30/2012 00:00:00",
    "TRADE_VOLUME":"25,066,644",
    "REVENUE":"32,292",
    "TRAVEL_ENTERTAINMENT":"",
    "EVENT_COUNT":"",
    "MEETING_COUNT":"24"
  },
  {
    "CLIENT_ID":"760",
    "CLIENT_NAME":"client_760",
    "LAST_TRADE_DATE":"12/20/2011 00:00:00",
    "TRADE_VOLUME":"1,259,346",
    "REVENUE":"39,445",
    "TRAVEL_ENTERTAINMENT":"",
    "EVENT_COUNT":"",
    "MEETING_COUNT":"6"
  },
  {
    "CLIENT_ID":"761",
    "CLIENT_NAME":"client_761",
    "LAST_TRADE_DATE":"02/01/2012 00:00:00",
    "TRADE_VOLUME":"39,856,084",
    "REVENUE":"377,655",
    "TRAVEL_ENTERTAINMENT":"",
    "EVENT_COUNT":"1",
    "MEETING_COUNT":"40"
  },
  {
    "CLIENT_ID":"762",
    "CLIENT_NAME":"client_762",
    "LAST_TRADE_DATE":"02/01/2012 00:00:00",
    "TRADE_VOLUME":"94,237,771",
    "REVENUE":"2,242,455",
    "TRAVEL_ENTERTAINMENT":"",
    "EVENT_COUNT":"8",
    "MEETING_COUNT":"416"
  },
  {
    "CLIENT_ID":"763",
    "CLIENT_NAME":"client_763",
    "LAST_TRADE_DATE":"01/25/2012 00:00:00",
    "TRADE_VOLUME":"16,814,650",
    "REVENUE":"106,412",
    "TRAVEL_ENTERTAINMENT":"",
    "EVENT_COUNT":"3",
    "MEETING_COUNT":"147"
  },
  {
    "CLIENT_ID":"764",
    "CLIENT_NAME":"client_764",
    "LAST_TRADE_DATE":"11/03/2011 00:00:00",
    "TRADE_VOLUME":"534",
    "REVENUE":"401",
    "TRAVEL_ENTERTAINMENT":"",
    "EVENT_COUNT":"",
    "MEETING_COUNT":""
  },
  {
    "CLIENT_ID":"765",
    "CLIENT_NAME":"client_765",
    "LAST_TRADE_DATE":"01/27/2012 00:00:00",
    "TRADE_VOLUME":"85,700",
    "REVENUE":"66,016",
    "TRAVEL_ENTERTAINMENT":"",
    "EVENT_COUNT":"",
    "MEETING_COUNT":""
  },
  {
    "CLIENT_ID":"766",
    "CLIENT_NAME":"client_766",
    "LAST_TRADE_DATE":"02/01/2012 00:00:00",
    "TRADE_VOLUME":"1,508,200",
    "REVENUE":"28,611",
    "TRAVEL_ENTERTAINMENT":"",
    "EVENT_COUNT":"1",
    "MEETING_COUNT":"40"
  },
  {
    "CLIENT_ID":"767",
    "CLIENT_NAME":"client_767",
    "LAST_TRADE_DATE":"02/01/2012 00:00:00",
    "TRADE_VOLUME":"49,303,500",
    "REVENUE":"157,647",
    "TRAVEL_ENTERTAINMENT":"",
    "EVENT_COUNT":"1",
    "MEETING_COUNT":"44"
  },
  {
    "CLIENT_ID":"768",
    "CLIENT_NAME":"client_768",
    "LAST_TRADE_DATE":"02/01/2012 00:00:00",
    "TRADE_VOLUME":"35,707,034",
    "REVENUE":"738,873",
    "TRAVEL_ENTERTAINMENT":"",
    "EVENT_COUNT":"6",
    "MEETING_COUNT":"296"
  },
  {
    "CLIENT_ID":"769",
    "CLIENT_NAME":"client_769",
    "LAST_TRADE_DATE":"01/25/2012 00:00:00",
    "TRADE_VOLUME":"86,690",
    "REVENUE":"204,019",
    "TRAVEL_ENTERTAINMENT":"",
    "EVENT_COUNT":"",
    "MEETING_COUNT":"3"
  },
  {
    "CLIENT_ID":"77",
    "CLIENT_NAME":"client_77",
    "LAST_TRADE_DATE":"01/23/2012 00:00:00",
    "TRADE_VOLUME":"828,273",
    "REVENUE":"22,323",
    "TRAVEL_ENTERTAINMENT":"",
    "EVENT_COUNT":"",
    "MEETING_COUNT":""
  },
  {
    "CLIENT_ID":"770",
    "CLIENT_NAME":"client_770",
    "LAST_TRADE_DATE":"01/06/2012 00:00:00",
    "TRADE_VOLUME":"7,264,141",
    "REVENUE":"17,688",
    "TRAVEL_ENTERTAINMENT":"88.44",
    "EVENT_COUNT":"",
    "MEETING_COUNT":"1"
  },
  {
    "CLIENT_ID":"771",
    "CLIENT_NAME":"client_771",
    "LAST_TRADE_DATE":"02/01/2012 00:00:00",
    "TRADE_VOLUME":"1,110,599,486",
    "REVENUE":"13,895,064",
    "TRAVEL_ENTERTAINMENT":"138950.64",
    "EVENT_COUNT":"46",
    "MEETING_COUNT":"2,292"
  },
  {
    "CLIENT_ID":"772",
    "CLIENT_NAME":"client_772",
    "LAST_TRADE_DATE":"02/01/2012 00:00:00",
    "TRADE_VOLUME":"13,963,400",
    "REVENUE":"540,707",
    "TRAVEL_ENTERTAINMENT":"",
    "EVENT_COUNT":"",
    "MEETING_COUNT":"20"
  },
  {
    "CLIENT_ID":"773",
    "CLIENT_NAME":"client_773",
    "LAST_TRADE_DATE":"01/31/2012 00:00:00",
    "TRADE_VOLUME":"190,689,030",
    "REVENUE":"1,321,637",
    "TRAVEL_ENTERTAINMENT":"",
    "EVENT_COUNT":"3",
    "MEETING_COUNT":"148"
  },
  {
    "CLIENT_ID":"774",
    "CLIENT_NAME":"client_774",
    "LAST_TRADE_DATE":"02/01/2012 00:00:00",
    "TRADE_VOLUME":"136,353,305",
    "REVENUE":"927,548",
    "TRAVEL_ENTERTAINMENT":"",
    "EVENT_COUNT":"13",
    "MEETING_COUNT":"646"
  },
  {
    "CLIENT_ID":"775",
    "CLIENT_NAME":"client_775",
    "LAST_TRADE_DATE":"11/18/2011 00:00:00",
    "TRADE_VOLUME":"250,000",
    "REVENUE":"2,248",
    "TRAVEL_ENTERTAINMENT":"",
    "EVENT_COUNT":"",
    "MEETING_COUNT":""
  },
  {
    "CLIENT_ID":"776",
    "CLIENT_NAME":"client_776",
    "LAST_TRADE_DATE":"01/25/2012 00:00:00",
    "TRADE_VOLUME":"3,665,891",
    "REVENUE":"84,019",
    "TRAVEL_ENTERTAINMENT":"",
    "EVENT_COUNT":"2",
    "MEETING_COUNT":"106"
  },
  {
    "CLIENT_ID":"777",
    "CLIENT_NAME":"client_777",
    "LAST_TRADE_DATE":"02/01/2012 00:00:00",
    "TRADE_VOLUME":"8,929,721",
    "REVENUE":"117,194",
    "TRAVEL_ENTERTAINMENT":"",
    "EVENT_COUNT":"9",
    "MEETING_COUNT":"440"
  },
  {
    "CLIENT_ID":"778",
    "CLIENT_NAME":"client_778",
    "LAST_TRADE_DATE":"01/20/2012 00:00:00",
    "TRADE_VOLUME":"278,152,140",
    "REVENUE":"38,739",
    "TRAVEL_ENTERTAINMENT":"",
    "EVENT_COUNT":"",
    "MEETING_COUNT":"8"
  },
  {
    "CLIENT_ID":"779",
    "CLIENT_NAME":"client_779",
    "LAST_TRADE_DATE":"02/01/2012 00:00:00",
    "TRADE_VOLUME":"107,948,473",
    "REVENUE":"1,497,734",
    "TRAVEL_ENTERTAINMENT":"",
    "EVENT_COUNT":"8",
    "MEETING_COUNT":"383"
  },
  {
    "CLIENT_ID":"78",
    "CLIENT_NAME":"client_78",
    "LAST_TRADE_DATE":"01/13/2012 00:00:00",
    "TRADE_VOLUME":"155,060",
    "REVENUE":"495",
    "TRAVEL_ENTERTAINMENT":"",
    "EVENT_COUNT":"",
    "MEETING_COUNT":"2"
  },
  {
    "CLIENT_ID":"780",
    "CLIENT_NAME":"client_780",
    "LAST_TRADE_DATE":"10/27/2011 00:00:00",
    "TRADE_VOLUME":"14,250,000",
    "REVENUE":"386,528",
    "TRAVEL_ENTERTAINMENT":"",
    "EVENT_COUNT":"",
    "MEETING_COUNT":""
  },
  {
    "CLIENT_ID":"781",
    "CLIENT_NAME":"client_781",
    "LAST_TRADE_DATE":"02/01/2012 00:00:00",
    "TRADE_VOLUME":"259,857,694",
    "REVENUE":"472,449",
    "TRAVEL_ENTERTAINMENT":"",
    "EVENT_COUNT":"",
    "MEETING_COUNT":"14"
  },
  {
    "CLIENT_ID":"782",
    "CLIENT_NAME":"client_782",
    "LAST_TRADE_DATE":"02/01/2012 00:00:00",
    "TRADE_VOLUME":"10,441,948",
    "REVENUE":"56,171",
    "TRAVEL_ENTERTAINMENT":"",
    "EVENT_COUNT":"1",
    "MEETING_COUNT":"37"
  },
  {
    "CLIENT_ID":"783",
    "CLIENT_NAME":"client_783",
    "LAST_TRADE_DATE":"01/23/2012 00:00:00",
    "TRADE_VOLUME":"61,548,254",
    "REVENUE":"159,946",
    "TRAVEL_ENTERTAINMENT":"",
    "EVENT_COUNT":"",
    "MEETING_COUNT":""
  },
  {
    "CLIENT_ID":"784",
    "CLIENT_NAME":"client_784",
    "LAST_TRADE_DATE":"01/19/2012 00:00:00",
    "TRADE_VOLUME":"48,241,657",
    "REVENUE":"188,152",
    "TRAVEL_ENTERTAINMENT":"",
    "EVENT_COUNT":"1",
    "MEETING_COUNT":"45"
  },
  {
    "CLIENT_ID":"785",
    "CLIENT_NAME":"client_785",
    "LAST_TRADE_DATE":"01/27/2012 00:00:00",
    "TRADE_VOLUME":"19,473,006",
    "REVENUE":"458,458",
    "TRAVEL_ENTERTAINMENT":"",
    "EVENT_COUNT":"2",
    "MEETING_COUNT":"101"
  },
  {
    "CLIENT_ID":"786",
    "CLIENT_NAME":"client_786",
    "LAST_TRADE_DATE":"02/01/2012 00:00:00",
    "TRADE_VOLUME":"158,003,076",
    "REVENUE":"1,103,881",
    "TRAVEL_ENTERTAINMENT":"",
    "EVENT_COUNT":"",
    "MEETING_COUNT":"7"
  },
  {
    "CLIENT_ID":"787",
    "CLIENT_NAME":"client_787",
    "LAST_TRADE_DATE":"08/05/2011 00:00:00",
    "TRADE_VOLUME":"0",
    "REVENUE":"37,500",
    "TRAVEL_ENTERTAINMENT":"",
    "EVENT_COUNT":"",
    "MEETING_COUNT":""
  },
  {
    "CLIENT_ID":"788",
    "CLIENT_NAME":"client_788",
    "LAST_TRADE_DATE":"11/30/2011 00:00:00",
    "TRADE_VOLUME":"2,806,850",
    "REVENUE":"46,628",
    "TRAVEL_ENTERTAINMENT":"",
    "EVENT_COUNT":"5",
    "MEETING_COUNT":"259"
  },
  {
    "CLIENT_ID":"789",
    "CLIENT_NAME":"client_789",
    "LAST_TRADE_DATE":"01/27/2012 00:00:00",
    "TRADE_VOLUME":"68,421",
    "REVENUE":"75,788",
    "TRAVEL_ENTERTAINMENT":"",
    "EVENT_COUNT":"",
    "MEETING_COUNT":""
  },
  {
    "CLIENT_ID":"79",
    "CLIENT_NAME":"client_79",
    "LAST_TRADE_DATE":"01/12/2012 00:00:00",
    "TRADE_VOLUME":"52,405",
    "REVENUE":"18,270",
    "TRAVEL_ENTERTAINMENT":"456.74",
    "EVENT_COUNT":"",
    "MEETING_COUNT":"5"
  },
  {
    "CLIENT_ID":"790",
    "CLIENT_NAME":"client_790",
    "LAST_TRADE_DATE":"02/01/2012 00:00:00",
    "TRADE_VOLUME":"474,623,974",
    "REVENUE":"1,565,638",
    "TRAVEL_ENTERTAINMENT":"",
    "EVENT_COUNT":"9",
    "MEETING_COUNT":"456"
  },
  {
    "CLIENT_ID":"791",
    "CLIENT_NAME":"client_791",
    "LAST_TRADE_DATE":"01/31/2012 00:00:00",
    "TRADE_VOLUME":"477,665,167",
    "REVENUE":"2,172,599",
    "TRAVEL_ENTERTAINMENT":"",
    "EVENT_COUNT":"15",
    "MEETING_COUNT":"755"
  },
  {
    "CLIENT_ID":"792",
    "CLIENT_NAME":"client_792",
    "LAST_TRADE_DATE":"01/30/2012 00:00:00",
    "TRADE_VOLUME":"415,337",
    "REVENUE":"67,909",
    "TRAVEL_ENTERTAINMENT":"",
    "EVENT_COUNT":"",
    "MEETING_COUNT":"2"
  },
  {
    "CLIENT_ID":"793",
    "CLIENT_NAME":"client_793",
    "LAST_TRADE_DATE":"01/26/2012 00:00:00",
    "TRADE_VOLUME":"19,390,876",
    "REVENUE":"637,775",
    "TRAVEL_ENTERTAINMENT":"",
    "EVENT_COUNT":"",
    "MEETING_COUNT":"18"
  },
  {
    "CLIENT_ID":"794",
    "CLIENT_NAME":"client_794",
    "LAST_TRADE_DATE":"08/30/2011 00:00:00",
    "TRADE_VOLUME":"1,000",
    "REVENUE":"20,416",
    "TRAVEL_ENTERTAINMENT":"",
    "EVENT_COUNT":"",
    "MEETING_COUNT":""
  },
  {
    "CLIENT_ID":"795",
    "CLIENT_NAME":"client_795",
    "LAST_TRADE_DATE":"02/01/2012 00:00:00",
    "TRADE_VOLUME":"2,231,980,534",
    "REVENUE":"4,374,483",
    "TRAVEL_ENTERTAINMENT":"43744.83",
    "EVENT_COUNT":"10",
    "MEETING_COUNT":"514"
  },
  {
    "CLIENT_ID":"796",
    "CLIENT_NAME":"client_796",
    "LAST_TRADE_DATE":"02/01/2012 00:00:00",
    "TRADE_VOLUME":"508,616,014",
    "REVENUE":"2,448,263",
    "TRAVEL_ENTERTAINMENT":"24482.63",
    "EVENT_COUNT":"19",
    "MEETING_COUNT":"936"
  },
  {
    "CLIENT_ID":"797",
    "CLIENT_NAME":"client_797",
    "LAST_TRADE_DATE":"01/26/2012 00:00:00",
    "TRADE_VOLUME":"63,373,963",
    "REVENUE":"484,068",
    "TRAVEL_ENTERTAINMENT":"",
    "EVENT_COUNT":"1",
    "MEETING_COUNT":"31"
  },
  {
    "CLIENT_ID":"798",
    "CLIENT_NAME":"client_798",
    "LAST_TRADE_DATE":"02/01/2012 00:00:00",
    "TRADE_VOLUME":"790,177",
    "REVENUE":"13,440",
    "TRAVEL_ENTERTAINMENT":"537.61",
    "EVENT_COUNT":"",
    "MEETING_COUNT":"8"
  },
  {
    "CLIENT_ID":"799",
    "CLIENT_NAME":"client_799",
    "LAST_TRADE_DATE":"02/01/2012 00:00:00",
    "TRADE_VOLUME":"3,151,026,535",
    "REVENUE":"5,609,610",
    "TRAVEL_ENTERTAINMENT":"56096.10",
    "EVENT_COUNT":"76",
    "MEETING_COUNT":"3,806"
  },
  {
    "CLIENT_ID":"8",
    "CLIENT_NAME":"client_8",
    "LAST_TRADE_DATE":"01/30/2012 00:00:00",
    "TRADE_VOLUME":"700,000",
    "REVENUE":"907",
    "TRAVEL_ENTERTAINMENT":"",
    "EVENT_COUNT":"",
    "MEETING_COUNT":""
  },
  {
    "CLIENT_ID":"80",
    "CLIENT_NAME":"client_80",
    "LAST_TRADE_DATE":"01/31/2012 00:00:00",
    "TRADE_VOLUME":"4,077,962",
    "REVENUE":"212,947",
    "TRAVEL_ENTERTAINMENT":"",
    "EVENT_COUNT":"1",
    "MEETING_COUNT":"51"
  },
  {
    "CLIENT_ID":"800",
    "CLIENT_NAME":"client_800",
    "LAST_TRADE_DATE":"02/01/2012 00:00:00",
    "TRADE_VOLUME":"116,111,354",
    "REVENUE":"154,871",
    "TRAVEL_ENTERTAINMENT":"",
    "EVENT_COUNT":"8",
    "MEETING_COUNT":"386"
  },
  {
    "CLIENT_ID":"801",
    "CLIENT_NAME":"client_801",
    "LAST_TRADE_DATE":"01/30/2012 00:00:00",
    "TRADE_VOLUME":"29,454,058",
    "REVENUE":"1,208,604",
    "TRAVEL_ENTERTAINMENT":"",
    "EVENT_COUNT":"2",
    "MEETING_COUNT":"89"
  },
  {
    "CLIENT_ID":"802",
    "CLIENT_NAME":"client_802",
    "LAST_TRADE_DATE":"02/01/2012 00:00:00",
    "TRADE_VOLUME":"73,496,575",
    "REVENUE":"409,090",
    "TRAVEL_ENTERTAINMENT":"",
    "EVENT_COUNT":"5",
    "MEETING_COUNT":"237"
  },
  {
    "CLIENT_ID":"803",
    "CLIENT_NAME":"client_803",
    "LAST_TRADE_DATE":"01/25/2012 00:00:00",
    "TRADE_VOLUME":"281,998",
    "REVENUE":"345,807",
    "TRAVEL_ENTERTAINMENT":"",
    "EVENT_COUNT":"",
    "MEETING_COUNT":"6"
  },
  {
    "CLIENT_ID":"804",
    "CLIENT_NAME":"client_804",
    "LAST_TRADE_DATE":"02/01/2012 00:00:00",
    "TRADE_VOLUME":"12,455,685",
    "REVENUE":"331,453",
    "TRAVEL_ENTERTAINMENT":"",
    "EVENT_COUNT":"1",
    "MEETING_COUNT":"53"
  },
  {
    "CLIENT_ID":"805",
    "CLIENT_NAME":"client_805",
    "LAST_TRADE_DATE":"01/26/2012 00:00:00",
    "TRADE_VOLUME":"879,755",
    "REVENUE":"28,224",
    "TRAVEL_ENTERTAINMENT":"",
    "EVENT_COUNT":"",
    "MEETING_COUNT":"6"
  },
  {
    "CLIENT_ID":"806",
    "CLIENT_NAME":"client_806",
    "LAST_TRADE_DATE":"01/30/2012 00:00:00",
    "TRADE_VOLUME":"877,836",
    "REVENUE":"2,643,550",
    "TRAVEL_ENTERTAINMENT":"",
    "EVENT_COUNT":"",
    "MEETING_COUNT":""
  },
  {
    "CLIENT_ID":"807",
    "CLIENT_NAME":"client_807",
    "LAST_TRADE_DATE":"01/27/2012 00:00:00",
    "TRADE_VOLUME":"291,805",
    "REVENUE":"249,101",
    "TRAVEL_ENTERTAINMENT":"",
    "EVENT_COUNT":"",
    "MEETING_COUNT":""
  },
  {
    "CLIENT_ID":"808",
    "CLIENT_NAME":"client_808",
    "LAST_TRADE_DATE":"08/31/2011 00:00:00",
    "TRADE_VOLUME":"185,318",
    "REVENUE":"3,712,341",
    "TRAVEL_ENTERTAINMENT":"",
    "EVENT_COUNT":"",
    "MEETING_COUNT":""
  },
  {
    "CLIENT_ID":"809",
    "CLIENT_NAME":"client_809",
    "LAST_TRADE_DATE":"02/01/2012 00:00:00",
    "TRADE_VOLUME":"42,850,663",
    "REVENUE":"1,452,321",
    "TRAVEL_ENTERTAINMENT":"",
    "EVENT_COUNT":"1",
    "MEETING_COUNT":"52"
  },
  {
    "CLIENT_ID":"81",
    "CLIENT_NAME":"client_81",
    "LAST_TRADE_DATE":"08/02/2011 00:00:00",
    "TRADE_VOLUME":"0",
    "REVENUE":"1,855",
    "TRAVEL_ENTERTAINMENT":"",
    "EVENT_COUNT":"",
    "MEETING_COUNT":""
  },
  {
    "CLIENT_ID":"810",
    "CLIENT_NAME":"client_810",
    "LAST_TRADE_DATE":"01/30/2012 00:00:00",
    "TRADE_VOLUME":"9,946,743",
    "REVENUE":"87,303",
    "TRAVEL_ENTERTAINMENT":"",
    "EVENT_COUNT":"",
    "MEETING_COUNT":"10"
  },
  {
    "CLIENT_ID":"811",
    "CLIENT_NAME":"client_811",
    "LAST_TRADE_DATE":"11/29/2011 00:00:00",
    "TRADE_VOLUME":"720,000",
    "REVENUE":"0",
    "TRAVEL_ENTERTAINMENT":"",
    "EVENT_COUNT":"",
    "MEETING_COUNT":""
  },
  {
    "CLIENT_ID":"812",
    "CLIENT_NAME":"client_812",
    "LAST_TRADE_DATE":"12/01/2011 00:00:00",
    "TRADE_VOLUME":"1,990,125",
    "REVENUE":"552,310",
    "TRAVEL_ENTERTAINMENT":"",
    "EVENT_COUNT":"",
    "MEETING_COUNT":"4"
  },
  {
    "CLIENT_ID":"813",
    "CLIENT_NAME":"client_813",
    "LAST_TRADE_DATE":"02/01/2012 00:00:00",
    "TRADE_VOLUME":"320,622,628",
    "REVENUE":"4,667,258",
    "TRAVEL_ENTERTAINMENT":"46672.58",
    "EVENT_COUNT":"",
    "MEETING_COUNT":"12"
  },
  {
    "CLIENT_ID":"814",
    "CLIENT_NAME":"client_814",
    "LAST_TRADE_DATE":"02/01/2012 00:00:00",
    "TRADE_VOLUME":"357,046,727",
    "REVENUE":"1,298,503",
    "TRAVEL_ENTERTAINMENT":"",
    "EVENT_COUNT":"1",
    "MEETING_COUNT":"41"
  },
  {
    "CLIENT_ID":"815",
    "CLIENT_NAME":"client_815",
    "LAST_TRADE_DATE":"02/01/2012 00:00:00",
    "TRADE_VOLUME":"45,976,313",
    "REVENUE":"508,483",
    "TRAVEL_ENTERTAINMENT":"",
    "EVENT_COUNT":"8",
    "MEETING_COUNT":"392"
  },
  {
    "CLIENT_ID":"816",
    "CLIENT_NAME":"client_816",
    "LAST_TRADE_DATE":"02/01/2012 00:00:00",
    "TRADE_VOLUME":"45,442,440",
    "REVENUE":"269,428",
    "TRAVEL_ENTERTAINMENT":"",
    "EVENT_COUNT":"",
    "MEETING_COUNT":"2"
  },
  {
    "CLIENT_ID":"817",
    "CLIENT_NAME":"client_817",
    "LAST_TRADE_DATE":"01/24/2012 00:00:00",
    "TRADE_VOLUME":"9,718,796",
    "REVENUE":"107,402",
    "TRAVEL_ENTERTAINMENT":"",
    "EVENT_COUNT":"",
    "MEETING_COUNT":"4"
  },
  {
    "CLIENT_ID":"818",
    "CLIENT_NAME":"client_818",
    "LAST_TRADE_DATE":"12/12/2011 00:00:00",
    "TRADE_VOLUME":"5,814",
    "REVENUE":"1,458,681",
    "TRAVEL_ENTERTAINMENT":"",
    "EVENT_COUNT":"",
    "MEETING_COUNT":""
  },
  {
    "CLIENT_ID":"819",
    "CLIENT_NAME":"client_819",
    "LAST_TRADE_DATE":"01/25/2012 00:00:00",
    "TRADE_VOLUME":"679,999",
    "REVENUE":"44,735",
    "TRAVEL_ENTERTAINMENT":"",
    "EVENT_COUNT":"",
    "MEETING_COUNT":"7"
  },
  {
    "CLIENT_ID":"82",
    "CLIENT_NAME":"client_82",
    "LAST_TRADE_DATE":"01/30/2012 00:00:00",
    "TRADE_VOLUME":"16,307",
    "REVENUE":"53,100",
    "TRAVEL_ENTERTAINMENT":"",
    "EVENT_COUNT":"",
    "MEETING_COUNT":""
  },
  {
    "CLIENT_ID":"820",
    "CLIENT_NAME":"client_820",
    "LAST_TRADE_DATE":"02/01/2012 00:00:00",
    "TRADE_VOLUME":"68,783,954",
    "REVENUE":"2,779,428",
    "TRAVEL_ENTERTAINMENT":"27794.28",
    "EVENT_COUNT":"2",
    "MEETING_COUNT":"121"
  },
  {
    "CLIENT_ID":"821",
    "CLIENT_NAME":"client_821",
    "LAST_TRADE_DATE":"02/01/2012 00:00:00",
    "TRADE_VOLUME":"77,705,854",
    "REVENUE":"2,561,958",
    "TRAVEL_ENTERTAINMENT":"25619.58",
    "EVENT_COUNT":"3",
    "MEETING_COUNT":"138"
  },
  {
    "CLIENT_ID":"822",
    "CLIENT_NAME":"client_822",
    "LAST_TRADE_DATE":"02/01/2012 00:00:00",
    "TRADE_VOLUME":"12,282,164",
    "REVENUE":"622,825",
    "TRAVEL_ENTERTAINMENT":"",
    "EVENT_COUNT":"",
    "MEETING_COUNT":""
  },
  {
    "CLIENT_ID":"823",
    "CLIENT_NAME":"client_823",
    "LAST_TRADE_DATE":"01/31/2012 00:00:00",
    "TRADE_VOLUME":"79,487,001",
    "REVENUE":"1,070,301",
    "TRAVEL_ENTERTAINMENT":"",
    "EVENT_COUNT":"4",
    "MEETING_COUNT":"190"
  },
  {
    "CLIENT_ID":"824",
    "CLIENT_NAME":"client_824",
    "LAST_TRADE_DATE":"11/15/2011 00:00:00",
    "TRADE_VOLUME":"0",
    "REVENUE":"0",
    "TRAVEL_ENTERTAINMENT":"",
    "EVENT_COUNT":"",
    "MEETING_COUNT":""
  },
  {
    "CLIENT_ID":"825",
    "CLIENT_NAME":"client_825",
    "LAST_TRADE_DATE":"01/26/2012 00:00:00",
    "TRADE_VOLUME":"1,464,162",
    "REVENUE":"58,066",
    "TRAVEL_ENTERTAINMENT":"",
    "EVENT_COUNT":"",
    "MEETING_COUNT":"4"
  },
  {
    "CLIENT_ID":"826",
    "CLIENT_NAME":"client_826",
    "LAST_TRADE_DATE":"02/01/2012 00:00:00",
    "TRADE_VOLUME":"341,512,813",
    "REVENUE":"6,357,386",
    "TRAVEL_ENTERTAINMENT":"63573.86",
    "EVENT_COUNT":"15",
    "MEETING_COUNT":"732"
  },
  {
    "CLIENT_ID":"827",
    "CLIENT_NAME":"client_827",
    "LAST_TRADE_DATE":"01/31/2012 00:00:00",
    "TRADE_VOLUME":"125,516,169",
    "REVENUE":"708,587",
    "TRAVEL_ENTERTAINMENT":"",
    "EVENT_COUNT":"15",
    "MEETING_COUNT":"766"
  },
  {
    "CLIENT_ID":"828",
    "CLIENT_NAME":"client_828",
    "LAST_TRADE_DATE":"02/01/2012 00:00:00",
    "TRADE_VOLUME":"2,066,158",
    "REVENUE":"499,630",
    "TRAVEL_ENTERTAINMENT":"",
    "EVENT_COUNT":"",
    "MEETING_COUNT":"3"
  },
  {
    "CLIENT_ID":"829",
    "CLIENT_NAME":"client_829",
    "LAST_TRADE_DATE":"01/25/2012 00:00:00",
    "TRADE_VOLUME":"7,909,369",
    "REVENUE":"1,046,157",
    "TRAVEL_ENTERTAINMENT":"",
    "EVENT_COUNT":"1",
    "MEETING_COUNT":"58"
  },
  {
    "CLIENT_ID":"83",
    "CLIENT_NAME":"client_83",
    "LAST_TRADE_DATE":"01/31/2012 00:00:00",
    "TRADE_VOLUME":"1,636,018",
    "REVENUE":"47,313",
    "TRAVEL_ENTERTAINMENT":"",
    "EVENT_COUNT":"",
    "MEETING_COUNT":"6"
  },
  {
    "CLIENT_ID":"830",
    "CLIENT_NAME":"client_830",
    "LAST_TRADE_DATE":"01/31/2012 00:00:00",
    "TRADE_VOLUME":"82,551,199",
    "REVENUE":"1,341,084",
    "TRAVEL_ENTERTAINMENT":"",
    "EVENT_COUNT":"2",
    "MEETING_COUNT":"112"
  },
  {
    "CLIENT_ID":"831",
    "CLIENT_NAME":"client_831",
    "LAST_TRADE_DATE":"02/01/2012 00:00:00",
    "TRADE_VOLUME":"422,867,704",
    "REVENUE":"2,639,094",
    "TRAVEL_ENTERTAINMENT":"26390.94",
    "EVENT_COUNT":"16",
    "MEETING_COUNT":"813"
  },
  {
    "CLIENT_ID":"832",
    "CLIENT_NAME":"client_832",
    "LAST_TRADE_DATE":"12/19/2011 00:00:00",
    "TRADE_VOLUME":"0",
    "REVENUE":"61",
    "TRAVEL_ENTERTAINMENT":"",
    "EVENT_COUNT":"",
    "MEETING_COUNT":""
  },
  {
    "CLIENT_ID":"833",
    "CLIENT_NAME":"client_833",
    "LAST_TRADE_DATE":"01/31/2012 00:00:00",
    "TRADE_VOLUME":"2,546,588",
    "REVENUE":"333,977",
    "TRAVEL_ENTERTAINMENT":"",
    "EVENT_COUNT":"",
    "MEETING_COUNT":"18"
  },
  {
    "CLIENT_ID":"834",
    "CLIENT_NAME":"client_834",
    "LAST_TRADE_DATE":"01/30/2012 00:00:00",
    "TRADE_VOLUME":"7,478,055",
    "REVENUE":"762,006",
    "TRAVEL_ENTERTAINMENT":"",
    "EVENT_COUNT":"",
    "MEETING_COUNT":""
  },
  {
    "CLIENT_ID":"835",
    "CLIENT_NAME":"client_835",
    "LAST_TRADE_DATE":"02/01/2012 00:00:00",
    "TRADE_VOLUME":"11,254,152",
    "REVENUE":"339,761",
    "TRAVEL_ENTERTAINMENT":"",
    "EVENT_COUNT":"1",
    "MEETING_COUNT":"33"
  },
  {
    "CLIENT_ID":"836",
    "CLIENT_NAME":"client_836",
    "LAST_TRADE_DATE":"12/13/2011 00:00:00",
    "TRADE_VOLUME":"800,000",
    "REVENUE":"2,000",
    "TRAVEL_ENTERTAINMENT":"",
    "EVENT_COUNT":"",
    "MEETING_COUNT":""
  },
  {
    "CLIENT_ID":"837",
    "CLIENT_NAME":"client_837",
    "LAST_TRADE_DATE":"02/01/2012 00:00:00",
    "TRADE_VOLUME":"119,051,087",
    "REVENUE":"1,759,128",
    "TRAVEL_ENTERTAINMENT":"",
    "EVENT_COUNT":"5",
    "MEETING_COUNT":"273"
  },
  {
    "CLIENT_ID":"838",
    "CLIENT_NAME":"client_838",
    "LAST_TRADE_DATE":"02/01/2012 00:00:00",
    "TRADE_VOLUME":"3,334,392",
    "REVENUE":"69,831",
    "TRAVEL_ENTERTAINMENT":"",
    "EVENT_COUNT":"",
    "MEETING_COUNT":"2"
  },
  {
    "CLIENT_ID":"839",
    "CLIENT_NAME":"client_839",
    "LAST_TRADE_DATE":"01/31/2012 00:00:00",
    "TRADE_VOLUME":"2,001,347",
    "REVENUE":"4,300",
    "TRAVEL_ENTERTAINMENT":"",
    "EVENT_COUNT":"",
    "MEETING_COUNT":""
  },
  {
    "CLIENT_ID":"84",
    "CLIENT_NAME":"client_84",
    "LAST_TRADE_DATE":"02/01/2012 00:00:00",
    "TRADE_VOLUME":"99,339,262",
    "REVENUE":"1,058,238",
    "TRAVEL_ENTERTAINMENT":"",
    "EVENT_COUNT":"2",
    "MEETING_COUNT":"76"
  },
  {
    "CLIENT_ID":"840",
    "CLIENT_NAME":"client_840",
    "LAST_TRADE_DATE":"02/01/2012 00:00:00",
    "TRADE_VOLUME":"105,644,511",
    "REVENUE":"460,335",
    "TRAVEL_ENTERTAINMENT":"",
    "EVENT_COUNT":"2",
    "MEETING_COUNT":"101"
  },
  {
    "CLIENT_ID":"841",
    "CLIENT_NAME":"client_841",
    "LAST_TRADE_DATE":"01/31/2012 00:00:00",
    "TRADE_VOLUME":"61,250",
    "REVENUE":"4,308",
    "TRAVEL_ENTERTAINMENT":"",
    "EVENT_COUNT":"",
    "MEETING_COUNT":""
  },
  {
    "CLIENT_ID":"842",
    "CLIENT_NAME":"client_842",
    "LAST_TRADE_DATE":"02/01/2012 00:00:00",
    "TRADE_VOLUME":"14,086,480",
    "REVENUE":"444,476",
    "TRAVEL_ENTERTAINMENT":"",
    "EVENT_COUNT":"",
    "MEETING_COUNT":"10"
  },
  {
    "CLIENT_ID":"843",
    "CLIENT_NAME":"client_843",
    "LAST_TRADE_DATE":"01/27/2012 00:00:00",
    "TRADE_VOLUME":"0",
    "REVENUE":"149,286",
    "TRAVEL_ENTERTAINMENT":"",
    "EVENT_COUNT":"4",
    "MEETING_COUNT":"219"
  },
  {
    "CLIENT_ID":"844",
    "CLIENT_NAME":"client_844",
    "LAST_TRADE_DATE":"01/20/2012 00:00:00",
    "TRADE_VOLUME":"3,250,000",
    "REVENUE":"4,063",
    "TRAVEL_ENTERTAINMENT":"",
    "EVENT_COUNT":"",
    "MEETING_COUNT":""
  },
  {
    "CLIENT_ID":"845",
    "CLIENT_NAME":"client_845",
    "LAST_TRADE_DATE":"02/01/2012 00:00:00",
    "TRADE_VOLUME":"6,855,322",
    "REVENUE":"215,407",
    "TRAVEL_ENTERTAINMENT":"",
    "EVENT_COUNT":"",
    "MEETING_COUNT":""
  },
  {
    "CLIENT_ID":"846",
    "CLIENT_NAME":"client_846",
    "LAST_TRADE_DATE":"01/27/2012 00:00:00",
    "TRADE_VOLUME":"2,605,673",
    "REVENUE":"105,596",
    "TRAVEL_ENTERTAINMENT":"",
    "EVENT_COUNT":"",
    "MEETING_COUNT":"16"
  },
  {
    "CLIENT_ID":"847",
    "CLIENT_NAME":"client_847",
    "LAST_TRADE_DATE":"01/12/2012 00:00:00",
    "TRADE_VOLUME":"0",
    "REVENUE":"938,085",
    "TRAVEL_ENTERTAINMENT":"",
    "EVENT_COUNT":"",
    "MEETING_COUNT":""
  },
  {
    "CLIENT_ID":"848",
    "CLIENT_NAME":"client_848",
    "LAST_TRADE_DATE":"11/30/2011 00:00:00",
    "TRADE_VOLUME":"48,400",
    "REVENUE":"1,533",
    "TRAVEL_ENTERTAINMENT":"",
    "EVENT_COUNT":"",
    "MEETING_COUNT":""
  },
  {
    "CLIENT_ID":"849",
    "CLIENT_NAME":"client_849",
    "LAST_TRADE_DATE":"02/01/2012 00:00:00",
    "TRADE_VOLUME":"617,751,567",
    "REVENUE":"3,791,170",
    "TRAVEL_ENTERTAINMENT":"37911.70",
    "EVENT_COUNT":"18",
    "MEETING_COUNT":"911"
  },
  {
    "CLIENT_ID":"85",
    "CLIENT_NAME":"client_85",
    "LAST_TRADE_DATE":"02/01/2012 00:00:00",
    "TRADE_VOLUME":"274,727,464",
    "REVENUE":"41,646",
    "TRAVEL_ENTERTAINMENT":"",
    "EVENT_COUNT":"",
    "MEETING_COUNT":""
  },
  {
    "CLIENT_ID":"850",
    "CLIENT_NAME":"client_850",
    "LAST_TRADE_DATE":"09/22/2011 00:00:00",
    "TRADE_VOLUME":"740,000",
    "REVENUE":"10,850",
    "TRAVEL_ENTERTAINMENT":"",
    "EVENT_COUNT":"",
    "MEETING_COUNT":""
  },
  {
    "CLIENT_ID":"851",
    "CLIENT_NAME":"client_851",
    "LAST_TRADE_DATE":"02/01/2012 00:00:00",
    "TRADE_VOLUME":"730,434,555",
    "REVENUE":"1,546,923",
    "TRAVEL_ENTERTAINMENT":"",
    "EVENT_COUNT":"19",
    "MEETING_COUNT":"935"
  },
  {
    "CLIENT_ID":"852",
    "CLIENT_NAME":"client_852",
    "LAST_TRADE_DATE":"02/01/2012 00:00:00",
    "TRADE_VOLUME":"61,031,481",
    "REVENUE":"1,549,457",
    "TRAVEL_ENTERTAINMENT":"",
    "EVENT_COUNT":"4",
    "MEETING_COUNT":"191"
  },
  {
    "CLIENT_ID":"853",
    "CLIENT_NAME":"client_853",
    "LAST_TRADE_DATE":"12/23/2011 00:00:00",
    "TRADE_VOLUME":"16,000,000",
    "REVENUE":"2,239",
    "TRAVEL_ENTERTAINMENT":"",
    "EVENT_COUNT":"",
    "MEETING_COUNT":""
  },
  {
    "CLIENT_ID":"854",
    "CLIENT_NAME":"client_854",
    "LAST_TRADE_DATE":"01/17/2012 00:00:00",
    "TRADE_VOLUME":"2,098,979",
    "REVENUE":"32,940",
    "TRAVEL_ENTERTAINMENT":"",
    "EVENT_COUNT":"",
    "MEETING_COUNT":""
  },
  {
    "CLIENT_ID":"855",
    "CLIENT_NAME":"client_855",
    "LAST_TRADE_DATE":"12/12/2011 00:00:00",
    "TRADE_VOLUME":"7,550,000",
    "REVENUE":"6,417",
    "TRAVEL_ENTERTAINMENT":"256.70",
    "EVENT_COUNT":"",
    "MEETING_COUNT":"8"
  },
  {
    "CLIENT_ID":"856",
    "CLIENT_NAME":"client_856",
    "LAST_TRADE_DATE":"01/30/2012 00:00:00",
    "TRADE_VOLUME":"6,951,314",
    "REVENUE":"184,550",
    "TRAVEL_ENTERTAINMENT":"",
    "EVENT_COUNT":"1",
    "MEETING_COUNT":"57"
  },
  {
    "CLIENT_ID":"857",
    "CLIENT_NAME":"client_857",
    "LAST_TRADE_DATE":"12/12/2011 00:00:00",
    "TRADE_VOLUME":"250,000",
    "REVENUE":"331",
    "TRAVEL_ENTERTAINMENT":"",
    "EVENT_COUNT":"",
    "MEETING_COUNT":""
  },
  {
    "CLIENT_ID":"858",
    "CLIENT_NAME":"client_858",
    "LAST_TRADE_DATE":"02/01/2012 00:00:00",
    "TRADE_VOLUME":"22,266,172",
    "REVENUE":"11,428",
    "TRAVEL_ENTERTAINMENT":"",
    "EVENT_COUNT":"",
    "MEETING_COUNT":""
  },
  {
    "CLIENT_ID":"859",
    "CLIENT_NAME":"client_859",
    "LAST_TRADE_DATE":"02/01/2012 00:00:00",
    "TRADE_VOLUME":"31,671,792",
    "REVENUE":"282,444",
    "TRAVEL_ENTERTAINMENT":"",
    "EVENT_COUNT":"",
    "MEETING_COUNT":""
  },
  {
    "CLIENT_ID":"86",
    "CLIENT_NAME":"client_86",
    "LAST_TRADE_DATE":"02/01/2012 00:00:00",
    "TRADE_VOLUME":"3,135,653",
    "REVENUE":"56,533",
    "TRAVEL_ENTERTAINMENT":"",
    "EVENT_COUNT":"",
    "MEETING_COUNT":"2"
  },
  {
    "CLIENT_ID":"860",
    "CLIENT_NAME":"client_860",
    "LAST_TRADE_DATE":"05/19/2011 00:00:00",
    "TRADE_VOLUME":"0",
    "REVENUE":"3,838",
    "TRAVEL_ENTERTAINMENT":"",
    "EVENT_COUNT":"",
    "MEETING_COUNT":""
  },
  {
    "CLIENT_ID":"861",
    "CLIENT_NAME":"client_861",
    "LAST_TRADE_DATE":"12/29/2011 00:00:00",
    "TRADE_VOLUME":"5,519,485,337",
    "REVENUE":"164,569",
    "TRAVEL_ENTERTAINMENT":"",
    "EVENT_COUNT":"",
    "MEETING_COUNT":"11"
  },
  {
    "CLIENT_ID":"862",
    "CLIENT_NAME":"client_862",
    "LAST_TRADE_DATE":"01/10/2012 00:00:00",
    "TRADE_VOLUME":"2,907,784",
    "REVENUE":"178,175",
    "TRAVEL_ENTERTAINMENT":"",
    "EVENT_COUNT":"",
    "MEETING_COUNT":"4"
  },
  {
    "CLIENT_ID":"863",
    "CLIENT_NAME":"client_863",
    "LAST_TRADE_DATE":"02/01/2012 00:00:00",
    "TRADE_VOLUME":"248,020,775",
    "REVENUE":"5,619,504",
    "TRAVEL_ENTERTAINMENT":"56195.04",
    "EVENT_COUNT":"23",
    "MEETING_COUNT":"1,145"
  },
  {
    "CLIENT_ID":"864",
    "CLIENT_NAME":"client_864",
    "LAST_TRADE_DATE":"02/01/2012 00:00:00",
    "TRADE_VOLUME":"44,738,157",
    "REVENUE":"334,600",
    "TRAVEL_ENTERTAINMENT":"",
    "EVENT_COUNT":"",
    "MEETING_COUNT":"4"
  },
  {
    "CLIENT_ID":"865",
    "CLIENT_NAME":"client_865",
    "LAST_TRADE_DATE":"12/20/2011 00:00:00",
    "TRADE_VOLUME":"628,326",
    "REVENUE":"5,780",
    "TRAVEL_ENTERTAINMENT":"",
    "EVENT_COUNT":"",
    "MEETING_COUNT":""
  },
  {
    "CLIENT_ID":"866",
    "CLIENT_NAME":"client_866",
    "LAST_TRADE_DATE":"02/01/2012 00:00:00",
    "TRADE_VOLUME":"2,121,419",
    "REVENUE":"15,370",
    "TRAVEL_ENTERTAINMENT":"",
    "EVENT_COUNT":"",
    "MEETING_COUNT":""
  },
  {
    "CLIENT_ID":"867",
    "CLIENT_NAME":"client_867",
    "LAST_TRADE_DATE":"02/01/2012 00:00:00",
    "TRADE_VOLUME":"254,199,506",
    "REVENUE":"2,376,268",
    "TRAVEL_ENTERTAINMENT":"",
    "EVENT_COUNT":"3",
    "MEETING_COUNT":"171"
  },
  {
    "CLIENT_ID":"868",
    "CLIENT_NAME":"client_868",
    "LAST_TRADE_DATE":"07/27/2011 00:00:00",
    "TRADE_VOLUME":"22,500,000",
    "REVENUE":"6,558",
    "TRAVEL_ENTERTAINMENT":"",
    "EVENT_COUNT":"",
    "MEETING_COUNT":""
  },
  {
    "CLIENT_ID":"869",
    "CLIENT_NAME":"client_869",
    "LAST_TRADE_DATE":"01/26/2012 00:00:00",
    "TRADE_VOLUME":"9,363,408",
    "REVENUE":"189,030",
    "TRAVEL_ENTERTAINMENT":"",
    "EVENT_COUNT":"",
    "MEETING_COUNT":"1"
  },
  {
    "CLIENT_ID":"87",
    "CLIENT_NAME":"client_87",
    "LAST_TRADE_DATE":"02/01/2012 00:00:00",
    "TRADE_VOLUME":"10,631,753",
    "REVENUE":"159,240",
    "TRAVEL_ENTERTAINMENT":"",
    "EVENT_COUNT":"",
    "MEETING_COUNT":"2"
  },
  {
    "CLIENT_ID":"870",
    "CLIENT_NAME":"client_870",
    "LAST_TRADE_DATE":"02/01/2012 00:00:00",
    "TRADE_VOLUME":"40,106,834",
    "REVENUE":"178,788",
    "TRAVEL_ENTERTAINMENT":"",
    "EVENT_COUNT":"1",
    "MEETING_COUNT":"40"
  },
  {
    "CLIENT_ID":"871",
    "CLIENT_NAME":"client_871",
    "LAST_TRADE_DATE":"01/27/2012 00:00:00",
    "TRADE_VOLUME":"165,760,034",
    "REVENUE":"2,606,113",
    "TRAVEL_ENTERTAINMENT":"26061.13",
    "EVENT_COUNT":"3",
    "MEETING_COUNT":"144"
  },
  {
    "CLIENT_ID":"872",
    "CLIENT_NAME":"client_872",
    "LAST_TRADE_DATE":"01/23/2012 00:00:00",
    "TRADE_VOLUME":"14,474,849",
    "REVENUE":"48,371",
    "TRAVEL_ENTERTAINMENT":"",
    "EVENT_COUNT":"",
    "MEETING_COUNT":""
  },
  {
    "CLIENT_ID":"873",
    "CLIENT_NAME":"client_873",
    "LAST_TRADE_DATE":"01/05/2012 00:00:00",
    "TRADE_VOLUME":"134,314,468",
    "REVENUE":"223,202",
    "TRAVEL_ENTERTAINMENT":"",
    "EVENT_COUNT":"",
    "MEETING_COUNT":"6"
  },
  {
    "CLIENT_ID":"874",
    "CLIENT_NAME":"client_874",
    "LAST_TRADE_DATE":"01/12/2012 00:00:00",
    "TRADE_VOLUME":"10,249,096",
    "REVENUE":"254,935",
    "TRAVEL_ENTERTAINMENT":"",
    "EVENT_COUNT":"1",
    "MEETING_COUNT":"53"
  },
  {
    "CLIENT_ID":"875",
    "CLIENT_NAME":"client_875",
    "LAST_TRADE_DATE":"01/12/2012 00:00:00",
    "TRADE_VOLUME":"2,092",
    "REVENUE":"1,803",
    "TRAVEL_ENTERTAINMENT":"",
    "EVENT_COUNT":"",
    "MEETING_COUNT":""
  },
  {
    "CLIENT_ID":"876",
    "CLIENT_NAME":"client_876",
    "LAST_TRADE_DATE":"02/01/2012 00:00:00",
    "TRADE_VOLUME":"56,835,474",
    "REVENUE":"1,263,777",
    "TRAVEL_ENTERTAINMENT":"",
    "EVENT_COUNT":"1",
    "MEETING_COUNT":"65"
  },
  {
    "CLIENT_ID":"877",
    "CLIENT_NAME":"client_877",
    "LAST_TRADE_DATE":"02/01/2012 00:00:00",
    "TRADE_VOLUME":"68,191,573",
    "REVENUE":"444,161",
    "TRAVEL_ENTERTAINMENT":"",
    "EVENT_COUNT":"4",
    "MEETING_COUNT":"176"
  },
  {
    "CLIENT_ID":"878",
    "CLIENT_NAME":"client_878",
    "LAST_TRADE_DATE":"02/01/2012 00:00:00",
    "TRADE_VOLUME":"77,131",
    "REVENUE":"190,741",
    "TRAVEL_ENTERTAINMENT":"",
    "EVENT_COUNT":"",
    "MEETING_COUNT":""
  },
  {
    "CLIENT_ID":"879",
    "CLIENT_NAME":"client_879",
    "LAST_TRADE_DATE":"02/01/2012 00:00:00",
    "TRADE_VOLUME":"4,009,792",
    "REVENUE":"740,175",
    "TRAVEL_ENTERTAINMENT":"",
    "EVENT_COUNT":"1",
    "MEETING_COUNT":"39"
  },
  {
    "CLIENT_ID":"88",
    "CLIENT_NAME":"client_88",
    "LAST_TRADE_DATE":"12/01/2011 00:00:00",
    "TRADE_VOLUME":"0",
    "REVENUE":"149",
    "TRAVEL_ENTERTAINMENT":"",
    "EVENT_COUNT":"",
    "MEETING_COUNT":""
  },
  {
    "CLIENT_ID":"880",
    "CLIENT_NAME":"client_880",
    "LAST_TRADE_DATE":"02/01/2012 00:00:00",
    "TRADE_VOLUME":"9,048,630",
    "REVENUE":"92,977",
    "TRAVEL_ENTERTAINMENT":"",
    "EVENT_COUNT":"",
    "MEETING_COUNT":"1"
  },
  {
    "CLIENT_ID":"881",
    "CLIENT_NAME":"client_881",
    "LAST_TRADE_DATE":"02/01/2012 00:00:00",
    "TRADE_VOLUME":"28,045,774",
    "REVENUE":"605,823",
    "TRAVEL_ENTERTAINMENT":"",
    "EVENT_COUNT":"1",
    "MEETING_COUNT":"65"
  },
  {
    "CLIENT_ID":"882",
    "CLIENT_NAME":"client_882",
    "LAST_TRADE_DATE":"01/25/2012 00:00:00",
    "TRADE_VOLUME":"1,715,864",
    "REVENUE":"146,704",
    "TRAVEL_ENTERTAINMENT":"",
    "EVENT_COUNT":"",
    "MEETING_COUNT":"9"
  },
  {
    "CLIENT_ID":"883",
    "CLIENT_NAME":"client_883",
    "LAST_TRADE_DATE":"01/30/2012 00:00:00",
    "TRADE_VOLUME":"20,471",
    "REVENUE":"7,032",
    "TRAVEL_ENTERTAINMENT":"105.48",
    "EVENT_COUNT":"",
    "MEETING_COUNT":"3"
  },
  {
    "CLIENT_ID":"884",
    "CLIENT_NAME":"client_884",
    "LAST_TRADE_DATE":"12/26/2011 00:00:00",
    "TRADE_VOLUME":"814,026",
    "REVENUE":"18,051",
    "TRAVEL_ENTERTAINMENT":"541.54",
    "EVENT_COUNT":"",
    "MEETING_COUNT":"6"
  },
  {
    "CLIENT_ID":"885",
    "CLIENT_NAME":"client_885",
    "LAST_TRADE_DATE":"02/01/2012 00:00:00",
    "TRADE_VOLUME":"502,987,103",
    "REVENUE":"1,710,554",
    "TRAVEL_ENTERTAINMENT":"",
    "EVENT_COUNT":"4",
    "MEETING_COUNT":"205"
  },
  {
    "CLIENT_ID":"886",
    "CLIENT_NAME":"client_886",
    "LAST_TRADE_DATE":"01/31/2012 00:00:00",
    "TRADE_VOLUME":"32,832,776",
    "REVENUE":"728,785",
    "TRAVEL_ENTERTAINMENT":"",
    "EVENT_COUNT":"1",
    "MEETING_COUNT":"54"
  },
  {
    "CLIENT_ID":"887",
    "CLIENT_NAME":"client_887",
    "LAST_TRADE_DATE":"02/01/2012 00:00:00",
    "TRADE_VOLUME":"9,399,158",
    "REVENUE":"292,614",
    "TRAVEL_ENTERTAINMENT":"",
    "EVENT_COUNT":"",
    "MEETING_COUNT":"8"
  },
  {
    "CLIENT_ID":"888",
    "CLIENT_NAME":"client_888",
    "LAST_TRADE_DATE":"01/20/2012 00:00:00",
    "TRADE_VOLUME":"10,403",
    "REVENUE":"24,950",
    "TRAVEL_ENTERTAINMENT":"",
    "EVENT_COUNT":"",
    "MEETING_COUNT":""
  },
  {
    "CLIENT_ID":"889",
    "CLIENT_NAME":"client_889",
    "LAST_TRADE_DATE":"01/27/2012 00:00:00",
    "TRADE_VOLUME":"10,121,259",
    "REVENUE":"32,769",
    "TRAVEL_ENTERTAINMENT":"",
    "EVENT_COUNT":"",
    "MEETING_COUNT":""
  },
  {
    "CLIENT_ID":"89",
    "CLIENT_NAME":"client_89",
    "LAST_TRADE_DATE":"01/19/2012 00:00:00",
    "TRADE_VOLUME":"23,784,000",
    "REVENUE":"38,412",
    "TRAVEL_ENTERTAINMENT":"",
    "EVENT_COUNT":"",
    "MEETING_COUNT":"9"
  },
  {
    "CLIENT_ID":"890",
    "CLIENT_NAME":"client_890",
    "LAST_TRADE_DATE":"01/04/2012 00:00:00",
    "TRADE_VOLUME":"5,832,334",
    "REVENUE":"478,292",
    "TRAVEL_ENTERTAINMENT":"",
    "EVENT_COUNT":"1",
    "MEETING_COUNT":"27"
  },
  {
    "CLIENT_ID":"891",
    "CLIENT_NAME":"client_891",
    "LAST_TRADE_DATE":"02/01/2012 00:00:00",
    "TRADE_VOLUME":"14,997,100",
    "REVENUE":"287,597",
    "TRAVEL_ENTERTAINMENT":"",
    "EVENT_COUNT":"",
    "MEETING_COUNT":"11"
  },
  {
    "CLIENT_ID":"892",
    "CLIENT_NAME":"client_892",
    "LAST_TRADE_DATE":"02/01/2012 00:00:00",
    "TRADE_VOLUME":"73,179,237",
    "REVENUE":"3,061,665",
    "TRAVEL_ENTERTAINMENT":"30616.65",
    "EVENT_COUNT":"1",
    "MEETING_COUNT":"68"
  },
  {
    "CLIENT_ID":"893",
    "CLIENT_NAME":"client_893",
    "LAST_TRADE_DATE":"02/01/2012 00:00:00",
    "TRADE_VOLUME":"21,443,900",
    "REVENUE":"590,252",
    "TRAVEL_ENTERTAINMENT":"",
    "EVENT_COUNT":"",
    "MEETING_COUNT":"7"
  },
  {
    "CLIENT_ID":"894",
    "CLIENT_NAME":"client_894",
    "LAST_TRADE_DATE":"02/01/2012 00:00:00",
    "TRADE_VOLUME":"42,863,418",
    "REVENUE":"900,893",
    "TRAVEL_ENTERTAINMENT":"",
    "EVENT_COUNT":"1",
    "MEETING_COUNT":"70"
  },
  {
    "CLIENT_ID":"895",
    "CLIENT_NAME":"client_895",
    "LAST_TRADE_DATE":"01/27/2012 00:00:00",
    "TRADE_VOLUME":"59,921,830",
    "REVENUE":"13,975",
    "TRAVEL_ENTERTAINMENT":"",
    "EVENT_COUNT":"",
    "MEETING_COUNT":""
  },
  {
    "CLIENT_ID":"896",
    "CLIENT_NAME":"client_896",
    "LAST_TRADE_DATE":"01/31/2012 00:00:00",
    "TRADE_VOLUME":"2,994,126",
    "REVENUE":"194,877",
    "TRAVEL_ENTERTAINMENT":"",
    "EVENT_COUNT":"",
    "MEETING_COUNT":""
  },
  {
    "CLIENT_ID":"897",
    "CLIENT_NAME":"client_897",
    "LAST_TRADE_DATE":"01/20/2012 00:00:00",
    "TRADE_VOLUME":"85,798,453",
    "REVENUE":"197,715",
    "TRAVEL_ENTERTAINMENT":"",
    "EVENT_COUNT":"",
    "MEETING_COUNT":""
  },
  {
    "CLIENT_ID":"898",
    "CLIENT_NAME":"client_898",
    "LAST_TRADE_DATE":"01/20/2012 00:00:00",
    "TRADE_VOLUME":"489,400",
    "REVENUE":"9,788",
    "TRAVEL_ENTERTAINMENT":"",
    "EVENT_COUNT":"",
    "MEETING_COUNT":""
  },
  {
    "CLIENT_ID":"899",
    "CLIENT_NAME":"client_899",
    "LAST_TRADE_DATE":"08/01/2011 00:00:00",
    "TRADE_VOLUME":"0",
    "REVENUE":"34",
    "TRAVEL_ENTERTAINMENT":"",
    "EVENT_COUNT":"",
    "MEETING_COUNT":""
  },
  {
    "CLIENT_ID":"9",
    "CLIENT_NAME":"client_9",
    "LAST_TRADE_DATE":"01/20/2012 00:00:00",
    "TRADE_VOLUME":"5,066,615",
    "REVENUE":"162,611",
    "TRAVEL_ENTERTAINMENT":"",
    "EVENT_COUNT":"",
    "MEETING_COUNT":"9"
  },
  {
    "CLIENT_ID":"90",
    "CLIENT_NAME":"client_90",
    "LAST_TRADE_DATE":"02/01/2012 00:00:00",
    "TRADE_VOLUME":"2,211,678,630",
    "REVENUE":"729,712",
    "TRAVEL_ENTERTAINMENT":"",
    "EVENT_COUNT":"",
    "MEETING_COUNT":""
  },
  {
    "CLIENT_ID":"900",
    "CLIENT_NAME":"client_900",
    "LAST_TRADE_DATE":"01/11/2012 00:00:00",
    "TRADE_VOLUME":"679,400",
    "REVENUE":"27,176",
    "TRAVEL_ENTERTAINMENT":"",
    "EVENT_COUNT":"",
    "MEETING_COUNT":"9"
  },
  {
    "CLIENT_ID":"901",
    "CLIENT_NAME":"client_901",
    "LAST_TRADE_DATE":"02/01/2012 00:00:00",
    "TRADE_VOLUME":"29,290,532",
    "REVENUE":"881,144",
    "TRAVEL_ENTERTAINMENT":"",
    "EVENT_COUNT":"5",
    "MEETING_COUNT":"234"
  },
  {
    "CLIENT_ID":"902",
    "CLIENT_NAME":"client_902",
    "LAST_TRADE_DATE":"02/01/2012 00:00:00",
    "TRADE_VOLUME":"22,603,003",
    "REVENUE":"403,636",
    "TRAVEL_ENTERTAINMENT":"",
    "EVENT_COUNT":"2",
    "MEETING_COUNT":"83"
  },
  {
    "CLIENT_ID":"903",
    "CLIENT_NAME":"client_903",
    "LAST_TRADE_DATE":"02/01/2012 00:00:00",
    "TRADE_VOLUME":"9,797,081",
    "REVENUE":"272,766",
    "TRAVEL_ENTERTAINMENT":"",
    "EVENT_COUNT":"2",
    "MEETING_COUNT":"92"
  },
  {
    "CLIENT_ID":"904",
    "CLIENT_NAME":"client_904",
    "LAST_TRADE_DATE":"02/01/2012 00:00:00",
    "TRADE_VOLUME":"624,000",
    "REVENUE":"24,885",
    "TRAVEL_ENTERTAINMENT":"",
    "EVENT_COUNT":"",
    "MEETING_COUNT":""
  },
  {
    "CLIENT_ID":"905",
    "CLIENT_NAME":"client_905",
    "LAST_TRADE_DATE":"02/01/2012 00:00:00",
    "TRADE_VOLUME":"2,291,433,884",
    "REVENUE":"9,977,039",
    "TRAVEL_ENTERTAINMENT":"99770.39",
    "EVENT_COUNT":"30",
    "MEETING_COUNT":"1,481"
  },
  {
    "CLIENT_ID":"906",
    "CLIENT_NAME":"client_906",
    "LAST_TRADE_DATE":"01/27/2012 00:00:00",
    "TRADE_VOLUME":"139,641",
    "REVENUE":"6,062",
    "TRAVEL_ENTERTAINMENT":"30.31",
    "EVENT_COUNT":"",
    "MEETING_COUNT":"1"
  },
  {
    "CLIENT_ID":"907",
    "CLIENT_NAME":"client_907",
    "LAST_TRADE_DATE":"12/21/2011 00:00:00",
    "TRADE_VOLUME":"285,750",
    "REVENUE":"11,430",
    "TRAVEL_ENTERTAINMENT":"1371.60",
    "EVENT_COUNT":"",
    "MEETING_COUNT":"24"
  },
  {
    "CLIENT_ID":"908",
    "CLIENT_NAME":"client_908",
    "LAST_TRADE_DATE":"01/26/2012 00:00:00",
    "TRADE_VOLUME":"6,024,149",
    "REVENUE":"191,856",
    "TRAVEL_ENTERTAINMENT":"",
    "EVENT_COUNT":"",
    "MEETING_COUNT":"4"
  },
  {
    "CLIENT_ID":"909",
    "CLIENT_NAME":"client_909",
    "LAST_TRADE_DATE":"01/30/2012 00:00:00",
    "TRADE_VOLUME":"4,594,400",
    "REVENUE":"7,898",
    "TRAVEL_ENTERTAINMENT":"2882.84",
    "EVENT_COUNT":"1",
    "MEETING_COUNT":"73"
  },
  {
    "CLIENT_ID":"91",
    "CLIENT_NAME":"client_91",
    "LAST_TRADE_DATE":"10/03/2011 00:00:00",
    "TRADE_VOLUME":"0",
    "REVENUE":"1,472",
    "TRAVEL_ENTERTAINMENT":"",
    "EVENT_COUNT":"",
    "MEETING_COUNT":""
  },
  {
    "CLIENT_ID":"910",
    "CLIENT_NAME":"client_910",
    "LAST_TRADE_DATE":"01/27/2012 00:00:00",
    "TRADE_VOLUME":"715,000",
    "REVENUE":"35,750",
    "TRAVEL_ENTERTAINMENT":"",
    "EVENT_COUNT":"",
    "MEETING_COUNT":"1"
  },
  {
    "CLIENT_ID":"911",
    "CLIENT_NAME":"client_911",
    "LAST_TRADE_DATE":"01/06/2012 00:00:00",
    "TRADE_VOLUME":"7,915,722",
    "REVENUE":"283,913",
    "TRAVEL_ENTERTAINMENT":"",
    "EVENT_COUNT":"",
    "MEETING_COUNT":"6"
  },
  {
    "CLIENT_ID":"912",
    "CLIENT_NAME":"client_912",
    "LAST_TRADE_DATE":"02/01/2012 00:00:00",
    "TRADE_VOLUME":"30,426,795",
    "REVENUE":"1,610,729",
    "TRAVEL_ENTERTAINMENT":"",
    "EVENT_COUNT":"1",
    "MEETING_COUNT":"47"
  },
  {
    "CLIENT_ID":"913",
    "CLIENT_NAME":"client_913",
    "LAST_TRADE_DATE":"02/01/2012 00:00:00",
    "TRADE_VOLUME":"2,377,816",
    "REVENUE":"225,703",
    "TRAVEL_ENTERTAINMENT":"",
    "EVENT_COUNT":"",
    "MEETING_COUNT":"20"
  },
  {
    "CLIENT_ID":"914",
    "CLIENT_NAME":"client_914",
    "LAST_TRADE_DATE":"02/01/2012 00:00:00",
    "TRADE_VOLUME":"55,836,843",
    "REVENUE":"3,134,765",
    "TRAVEL_ENTERTAINMENT":"31347.65",
    "EVENT_COUNT":"2",
    "MEETING_COUNT":"98"
  },
  {
    "CLIENT_ID":"915",
    "CLIENT_NAME":"client_915",
    "LAST_TRADE_DATE":"01/31/2012 00:00:00",
    "TRADE_VOLUME":"1,418,221",
    "REVENUE":"75,447",
    "TRAVEL_ENTERTAINMENT":"",
    "EVENT_COUNT":"",
    "MEETING_COUNT":"20"
  },
  {
    "CLIENT_ID":"916",
    "CLIENT_NAME":"client_916",
    "LAST_TRADE_DATE":"02/01/2012 00:00:00",
    "TRADE_VOLUME":"37,718,139",
    "REVENUE":"1,440,493",
    "TRAVEL_ENTERTAINMENT":"",
    "EVENT_COUNT":"2",
    "MEETING_COUNT":"87"
  },
  {
    "CLIENT_ID":"917",
    "CLIENT_NAME":"client_917",
    "LAST_TRADE_DATE":"02/01/2012 00:00:00",
    "TRADE_VOLUME":"470,742,056",
    "REVENUE":"2,097,021",
    "TRAVEL_ENTERTAINMENT":"",
    "EVENT_COUNT":"5",
    "MEETING_COUNT":"242"
  },
  {
    "CLIENT_ID":"918",
    "CLIENT_NAME":"client_918",
    "LAST_TRADE_DATE":"01/27/2012 00:00:00",
    "TRADE_VOLUME":"413,110",
    "REVENUE":"18,558",
    "TRAVEL_ENTERTAINMENT":"463.95",
    "EVENT_COUNT":"",
    "MEETING_COUNT":"5"
  },
  {
    "CLIENT_ID":"919",
    "CLIENT_NAME":"client_919",
    "LAST_TRADE_DATE":"10/26/2011 00:00:00",
    "TRADE_VOLUME":"117",
    "REVENUE":"49",
    "TRAVEL_ENTERTAINMENT":"",
    "EVENT_COUNT":"",
    "MEETING_COUNT":""
  },
  {
    "CLIENT_ID":"92",
    "CLIENT_NAME":"client_92",
    "LAST_TRADE_DATE":"01/27/2012 00:00:00",
    "TRADE_VOLUME":"7,285,827",
    "REVENUE":"6,193",
    "TRAVEL_ENTERTAINMENT":"",
    "EVENT_COUNT":"",
    "MEETING_COUNT":""
  },
  {
    "CLIENT_ID":"920",
    "CLIENT_NAME":"client_920",
    "LAST_TRADE_DATE":"02/01/2012 00:00:00",
    "TRADE_VOLUME":"4,406,505,581",
    "REVENUE":"11,503,921",
    "TRAVEL_ENTERTAINMENT":"115039.21",
    "EVENT_COUNT":"85",
    "MEETING_COUNT":"4,226"
  },
  {
    "CLIENT_ID":"921",
    "CLIENT_NAME":"client_921",
    "LAST_TRADE_DATE":"11/29/2011 00:00:00",
    "TRADE_VOLUME":"25,260",
    "REVENUE":"20,064",
    "TRAVEL_ENTERTAINMENT":"",
    "EVENT_COUNT":"",
    "MEETING_COUNT":""
  },
  {
    "CLIENT_ID":"922",
    "CLIENT_NAME":"client_922",
    "LAST_TRADE_DATE":"01/23/2012 00:00:00",
    "TRADE_VOLUME":"819,317",
    "REVENUE":"32,450",
    "TRAVEL_ENTERTAINMENT":"",
    "EVENT_COUNT":"",
    "MEETING_COUNT":"6"
  },
  {
    "CLIENT_ID":"923",
    "CLIENT_NAME":"client_923",
    "LAST_TRADE_DATE":"02/01/2012 00:00:00",
    "TRADE_VOLUME":"101,900,537",
    "REVENUE":"1,326,440",
    "TRAVEL_ENTERTAINMENT":"",
    "EVENT_COUNT":"4",
    "MEETING_COUNT":"220"
  },
  {
    "CLIENT_ID":"924",
    "CLIENT_NAME":"client_924",
    "LAST_TRADE_DATE":"01/26/2012 00:00:00",
    "TRADE_VOLUME":"140,000",
    "REVENUE":"5,350",
    "TRAVEL_ENTERTAINMENT":"",
    "EVENT_COUNT":"",
    "MEETING_COUNT":""
  },
  {
    "CLIENT_ID":"925",
    "CLIENT_NAME":"client_925",
    "LAST_TRADE_DATE":"02/01/2012 00:00:00",
    "TRADE_VOLUME":"6,248,718",
    "REVENUE":"293,673",
    "TRAVEL_ENTERTAINMENT":"",
    "EVENT_COUNT":"2",
    "MEETING_COUNT":"81"
  },
  {
    "CLIENT_ID":"926",
    "CLIENT_NAME":"client_926",
    "LAST_TRADE_DATE":"02/01/2012 00:00:00",
    "TRADE_VOLUME":"12,957,827",
    "REVENUE":"393,650",
    "TRAVEL_ENTERTAINMENT":"",
    "EVENT_COUNT":"",
    "MEETING_COUNT":"19"
  },
  {
    "CLIENT_ID":"927",
    "CLIENT_NAME":"client_927",
    "LAST_TRADE_DATE":"01/25/2012 00:00:00",
    "TRADE_VOLUME":"1,067,695",
    "REVENUE":"31,526",
    "TRAVEL_ENTERTAINMENT":"",
    "EVENT_COUNT":"",
    "MEETING_COUNT":""
  },
  {
    "CLIENT_ID":"928",
    "CLIENT_NAME":"client_928",
    "LAST_TRADE_DATE":"12/15/2011 00:00:00",
    "TRADE_VOLUME":"834,214",
    "REVENUE":"25,026",
    "TRAVEL_ENTERTAINMENT":"375.39",
    "EVENT_COUNT":"",
    "MEETING_COUNT":"3"
  },
  {
    "CLIENT_ID":"929",
    "CLIENT_NAME":"client_929",
    "LAST_TRADE_DATE":"01/23/2012 00:00:00",
    "TRADE_VOLUME":"110,000",
    "REVENUE":"5,500",
    "TRAVEL_ENTERTAINMENT":"",
    "EVENT_COUNT":"",
    "MEETING_COUNT":""
  },
  {
    "CLIENT_ID":"93",
    "CLIENT_NAME":"client_93",
    "LAST_TRADE_DATE":"02/01/2012 00:00:00",
    "TRADE_VOLUME":"3,015,400",
    "REVENUE":"228,582",
    "TRAVEL_ENTERTAINMENT":"",
    "EVENT_COUNT":"2",
    "MEETING_COUNT":"111"
  },
  {
    "CLIENT_ID":"930",
    "CLIENT_NAME":"client_930",
    "LAST_TRADE_DATE":"02/01/2012 00:00:00",
    "TRADE_VOLUME":"5,816,711,511",
    "REVENUE":"10,092,243",
    "TRAVEL_ENTERTAINMENT":"100922.43",
    "EVENT_COUNT":"46",
    "MEETING_COUNT":"2,323"
  },
  {
    "CLIENT_ID":"931",
    "CLIENT_NAME":"client_931",
    "LAST_TRADE_DATE":"01/31/2012 00:00:00",
    "TRADE_VOLUME":"28,371,442",
    "REVENUE":"420,767",
    "TRAVEL_ENTERTAINMENT":"",
    "EVENT_COUNT":"",
    "MEETING_COUNT":"14"
  },
  {
    "CLIENT_ID":"932",
    "CLIENT_NAME":"client_932",
    "LAST_TRADE_DATE":"01/26/2012 00:00:00",
    "TRADE_VOLUME":"855,324",
    "REVENUE":"18,608",
    "TRAVEL_ENTERTAINMENT":"",
    "EVENT_COUNT":"",
    "MEETING_COUNT":""
  },
  {
    "CLIENT_ID":"933",
    "CLIENT_NAME":"client_933",
    "LAST_TRADE_DATE":"02/01/2012 00:00:00",
    "TRADE_VOLUME":"1,206,033,139",
    "REVENUE":"3,877,412",
    "TRAVEL_ENTERTAINMENT":"38774.12",
    "EVENT_COUNT":"33",
    "MEETING_COUNT":"1,631"
  },
  {
    "CLIENT_ID":"934",
    "CLIENT_NAME":"client_934",
    "LAST_TRADE_DATE":"01/25/2012 00:00:00",
    "TRADE_VOLUME":"2,191,450",
    "REVENUE":"86,686",
    "TRAVEL_ENTERTAINMENT":"",
    "EVENT_COUNT":"1",
    "MEETING_COUNT":"27"
  },
  {
    "CLIENT_ID":"935",
    "CLIENT_NAME":"client_935",
    "LAST_TRADE_DATE":"12/22/2011 00:00:00",
    "TRADE_VOLUME":"291,716",
    "REVENUE":"20,742",
    "TRAVEL_ENTERTAINMENT":"103.71",
    "EVENT_COUNT":"",
    "MEETING_COUNT":"1"
  },
  {
    "CLIENT_ID":"936",
    "CLIENT_NAME":"client_936",
    "LAST_TRADE_DATE":"02/01/2012 00:00:00",
    "TRADE_VOLUME":"759,219,686",
    "REVENUE":"1,144,844",
    "TRAVEL_ENTERTAINMENT":"",
    "EVENT_COUNT":"",
    "MEETING_COUNT":"18"
  },
  {
    "CLIENT_ID":"937",
    "CLIENT_NAME":"client_937",
    "LAST_TRADE_DATE":"10/30/2011 00:00:00",
    "TRADE_VOLUME":"0",
    "REVENUE":"35,396",
    "TRAVEL_ENTERTAINMENT":"",
    "EVENT_COUNT":"",
    "MEETING_COUNT":""
  },
  {
    "CLIENT_ID":"938",
    "CLIENT_NAME":"client_938",
    "LAST_TRADE_DATE":"01/18/2012 00:00:00",
    "TRADE_VOLUME":"5,088,392",
    "REVENUE":"195,102",
    "TRAVEL_ENTERTAINMENT":"",
    "EVENT_COUNT":"1",
    "MEETING_COUNT":"35"
  },
  {
    "CLIENT_ID":"939",
    "CLIENT_NAME":"client_939",
    "LAST_TRADE_DATE":"02/01/2012 00:00:00",
    "TRADE_VOLUME":"8,007,764",
    "REVENUE":"36,052",
    "TRAVEL_ENTERTAINMENT":"",
    "EVENT_COUNT":"",
    "MEETING_COUNT":"24"
  },
  {
    "CLIENT_ID":"94",
    "CLIENT_NAME":"client_94",
    "LAST_TRADE_DATE":"12/31/2011 00:00:00",
    "TRADE_VOLUME":"0",
    "REVENUE":"232,191",
    "TRAVEL_ENTERTAINMENT":"",
    "EVENT_COUNT":"",
    "MEETING_COUNT":""
  },
  {
    "CLIENT_ID":"940",
    "CLIENT_NAME":"client_940",
    "LAST_TRADE_DATE":"01/04/2012 00:00:00",
    "TRADE_VOLUME":"1,048,025",
    "REVENUE":"40,968",
    "TRAVEL_ENTERTAINMENT":"",
    "EVENT_COUNT":"",
    "MEETING_COUNT":""
  },
  {
    "CLIENT_ID":"941",
    "CLIENT_NAME":"client_941",
    "LAST_TRADE_DATE":"02/01/2012 00:00:00",
    "TRADE_VOLUME":"590,729",
    "REVENUE":"79,403",
    "TRAVEL_ENTERTAINMENT":"",
    "EVENT_COUNT":"",
    "MEETING_COUNT":""
  },
  {
    "CLIENT_ID":"942",
    "CLIENT_NAME":"client_942",
    "LAST_TRADE_DATE":"12/31/2011 00:00:00",
    "TRADE_VOLUME":"2,435,181",
    "REVENUE":"109,841",
    "TRAVEL_ENTERTAINMENT":"",
    "EVENT_COUNT":"",
    "MEETING_COUNT":""
  },
  {
    "CLIENT_ID":"943",
    "CLIENT_NAME":"client_943",
    "LAST_TRADE_DATE":"08/02/2011 00:00:00",
    "TRADE_VOLUME":"0",
    "REVENUE":"-565",
    "TRAVEL_ENTERTAINMENT":"",
    "EVENT_COUNT":"",
    "MEETING_COUNT":"1"
  },
  {
    "CLIENT_ID":"944",
    "CLIENT_NAME":"client_944",
    "LAST_TRADE_DATE":"02/01/2012 00:00:00",
    "TRADE_VOLUME":"95,641,039",
    "REVENUE":"699,797",
    "TRAVEL_ENTERTAINMENT":"",
    "EVENT_COUNT":"",
    "MEETING_COUNT":"5"
  },
  {
    "CLIENT_ID":"945",
    "CLIENT_NAME":"client_945",
    "LAST_TRADE_DATE":"01/27/2012 00:00:00",
    "TRADE_VOLUME":"58,605,516",
    "REVENUE":"131,551",
    "TRAVEL_ENTERTAINMENT":"",
    "EVENT_COUNT":"",
    "MEETING_COUNT":""
  },
  {
    "CLIENT_ID":"946",
    "CLIENT_NAME":"client_946",
    "LAST_TRADE_DATE":"10/20/2011 00:00:00",
    "TRADE_VOLUME":"331,293",
    "REVENUE":"16,565",
    "TRAVEL_ENTERTAINMENT":"331.29",
    "EVENT_COUNT":"",
    "MEETING_COUNT":"4"
  },
  {
    "CLIENT_ID":"947",
    "CLIENT_NAME":"client_947",
    "LAST_TRADE_DATE":"02/01/2012 00:00:00",
    "TRADE_VOLUME":"209,565,975",
    "REVENUE":"1,244,607",
    "TRAVEL_ENTERTAINMENT":"",
    "EVENT_COUNT":"8",
    "MEETING_COUNT":"407"
  },
  {
    "CLIENT_ID":"948",
    "CLIENT_NAME":"client_948",
    "LAST_TRADE_DATE":"01/25/2012 00:00:00",
    "TRADE_VOLUME":"14,075,500",
    "REVENUE":"398,341",
    "TRAVEL_ENTERTAINMENT":"",
    "EVENT_COUNT":"",
    "MEETING_COUNT":"6"
  },
  {
    "CLIENT_ID":"949",
    "CLIENT_NAME":"client_949",
    "LAST_TRADE_DATE":"08/24/2011 00:00:00",
    "TRADE_VOLUME":"0",
    "REVENUE":"0",
    "TRAVEL_ENTERTAINMENT":"",
    "EVENT_COUNT":"",
    "MEETING_COUNT":""
  },
  {
    "CLIENT_ID":"95",
    "CLIENT_NAME":"client_95",
    "LAST_TRADE_DATE":"12/08/2011 00:00:00",
    "TRADE_VOLUME":"9,689,150",
    "REVENUE":"291,308",
    "TRAVEL_ENTERTAINMENT":"",
    "EVENT_COUNT":"",
    "MEETING_COUNT":"6"
  },
  {
    "CLIENT_ID":"950",
    "CLIENT_NAME":"client_950",
    "LAST_TRADE_DATE":"01/31/2012 00:00:00",
    "TRADE_VOLUME":"59,500",
    "REVENUE":"2,767",
    "TRAVEL_ENTERTAINMENT":"",
    "EVENT_COUNT":"",
    "MEETING_COUNT":""
  },
  {
    "CLIENT_ID":"951",
    "CLIENT_NAME":"client_951",
    "LAST_TRADE_DATE":"02/01/2012 00:00:00",
    "TRADE_VOLUME":"3,356,391,020",
    "REVENUE":"16,446,015",
    "TRAVEL_ENTERTAINMENT":"164460.15",
    "EVENT_COUNT":"22",
    "MEETING_COUNT":"1,117"
  },
  {
    "CLIENT_ID":"952",
    "CLIENT_NAME":"client_952",
    "LAST_TRADE_DATE":"01/30/2012 00:00:00",
    "TRADE_VOLUME":"411,340",
    "REVENUE":"46,664",
    "TRAVEL_ENTERTAINMENT":"",
    "EVENT_COUNT":"",
    "MEETING_COUNT":"5"
  },
  {
    "CLIENT_ID":"953",
    "CLIENT_NAME":"client_953",
    "LAST_TRADE_DATE":"02/01/2012 00:00:00",
    "TRADE_VOLUME":"88,539,845",
    "REVENUE":"680,613",
    "TRAVEL_ENTERTAINMENT":"",
    "EVENT_COUNT":"",
    "MEETING_COUNT":""
  },
  {
    "CLIENT_ID":"954",
    "CLIENT_NAME":"client_954",
    "LAST_TRADE_DATE":"11/09/2011 00:00:00",
    "TRADE_VOLUME":"52,875",
    "REVENUE":"635",
    "TRAVEL_ENTERTAINMENT":"15.86",
    "EVENT_COUNT":"",
    "MEETING_COUNT":"5"
  },
  {
    "CLIENT_ID":"955",
    "CLIENT_NAME":"client_955",
    "LAST_TRADE_DATE":"02/01/2012 00:00:00",
    "TRADE_VOLUME":"6,090,075",
    "REVENUE":"167,575",
    "TRAVEL_ENTERTAINMENT":"",
    "EVENT_COUNT":"",
    "MEETING_COUNT":"24"
  },
  {
    "CLIENT_ID":"956",
    "CLIENT_NAME":"client_956",
    "LAST_TRADE_DATE":"02/01/2012 00:00:00",
    "TRADE_VOLUME":"3,615,078",
    "REVENUE":"92,865",
    "TRAVEL_ENTERTAINMENT":"",
    "EVENT_COUNT":"",
    "MEETING_COUNT":"2"
  },
  {
    "CLIENT_ID":"957",
    "CLIENT_NAME":"client_957",
    "LAST_TRADE_DATE":"02/01/2012 00:00:00",
    "TRADE_VOLUME":"447,849,702",
    "REVENUE":"3,310,097",
    "TRAVEL_ENTERTAINMENT":"33100.97",
    "EVENT_COUNT":"33",
    "MEETING_COUNT":"1,649"
  },
  {
    "CLIENT_ID":"958",
    "CLIENT_NAME":"client_958",
    "LAST_TRADE_DATE":"02/01/2012 00:00:00",
    "TRADE_VOLUME":"387,689,946",
    "REVENUE":"1,226,687",
    "TRAVEL_ENTERTAINMENT":"",
    "EVENT_COUNT":"2",
    "MEETING_COUNT":"95"
  },
  {
    "CLIENT_ID":"959",
    "CLIENT_NAME":"client_959",
    "LAST_TRADE_DATE":"01/27/2012 00:00:00",
    "TRADE_VOLUME":"17,411,760",
    "REVENUE":"494,474",
    "TRAVEL_ENTERTAINMENT":"",
    "EVENT_COUNT":"1",
    "MEETING_COUNT":"29"
  },
  {
    "CLIENT_ID":"96",
    "CLIENT_NAME":"client_96",
    "LAST_TRADE_DATE":"01/26/2012 00:00:00",
    "TRADE_VOLUME":"3,167,878",
    "REVENUE":"107,120",
    "TRAVEL_ENTERTAINMENT":"",
    "EVENT_COUNT":"2",
    "MEETING_COUNT":"97"
  },
  {
    "CLIENT_ID":"960",
    "CLIENT_NAME":"client_960",
    "LAST_TRADE_DATE":"01/30/2012 00:00:00",
    "TRADE_VOLUME":"330,817",
    "REVENUE":"16,541",
    "TRAVEL_ENTERTAINMENT":"",
    "EVENT_COUNT":"",
    "MEETING_COUNT":""
  },
  {
    "CLIENT_ID":"961",
    "CLIENT_NAME":"client_961",
    "LAST_TRADE_DATE":"02/01/2012 00:00:00",
    "TRADE_VOLUME":"553,702,566",
    "REVENUE":"3,647,849",
    "TRAVEL_ENTERTAINMENT":"36478.49",
    "EVENT_COUNT":"15",
    "MEETING_COUNT":"745"
  },
  {
    "CLIENT_ID":"962",
    "CLIENT_NAME":"client_962",
    "LAST_TRADE_DATE":"02/01/2012 00:00:00",
    "TRADE_VOLUME":"8,475,338",
    "REVENUE":"400,261",
    "TRAVEL_ENTERTAINMENT":"",
    "EVENT_COUNT":"1",
    "MEETING_COUNT":"34"
  },
  {
    "CLIENT_ID":"963",
    "CLIENT_NAME":"client_963",
    "LAST_TRADE_DATE":"02/01/2012 00:00:00",
    "TRADE_VOLUME":"5,397,171",
    "REVENUE":"98,631",
    "TRAVEL_ENTERTAINMENT":"",
    "EVENT_COUNT":"",
    "MEETING_COUNT":""
  },
  {
    "CLIENT_ID":"964",
    "CLIENT_NAME":"client_964",
    "LAST_TRADE_DATE":"02/01/2012 00:00:00",
    "TRADE_VOLUME":"816,857,085",
    "REVENUE":"3,952,094",
    "TRAVEL_ENTERTAINMENT":"39520.94",
    "EVENT_COUNT":"30",
    "MEETING_COUNT":"1,487"
  },
  {
    "CLIENT_ID":"965",
    "CLIENT_NAME":"client_965",
    "LAST_TRADE_DATE":"01/09/2012 00:00:00",
    "TRADE_VOLUME":"950,740",
    "REVENUE":"50,030",
    "TRAVEL_ENTERTAINMENT":"",
    "EVENT_COUNT":"1",
    "MEETING_COUNT":"27"
  },
  {
    "CLIENT_ID":"966",
    "CLIENT_NAME":"client_966",
    "LAST_TRADE_DATE":"01/30/2012 00:00:00",
    "TRADE_VOLUME":"402,962",
    "REVENUE":"12,423",
    "TRAVEL_ENTERTAINMENT":"",
    "EVENT_COUNT":"",
    "MEETING_COUNT":""
  },
  {
    "CLIENT_ID":"967",
    "CLIENT_NAME":"client_967",
    "LAST_TRADE_DATE":"01/26/2012 00:00:00",
    "TRADE_VOLUME":"251,839",
    "REVENUE":"4,811",
    "TRAVEL_ENTERTAINMENT":"",
    "EVENT_COUNT":"",
    "MEETING_COUNT":""
  },
  {
    "CLIENT_ID":"968",
    "CLIENT_NAME":"client_968",
    "LAST_TRADE_DATE":"02/01/2012 00:00:00",
    "TRADE_VOLUME":"215,985,975",
    "REVENUE":"2,629,423",
    "TRAVEL_ENTERTAINMENT":"26294.23",
    "EVENT_COUNT":"19",
    "MEETING_COUNT":"957"
  },
  {
    "CLIENT_ID":"969",
    "CLIENT_NAME":"client_969",
    "LAST_TRADE_DATE":"09/12/2011 00:00:00",
    "TRADE_VOLUME":"230,685",
    "REVENUE":"9,027",
    "TRAVEL_ENTERTAINMENT":"",
    "EVENT_COUNT":"",
    "MEETING_COUNT":""
  },
  {
    "CLIENT_ID":"97",
    "CLIENT_NAME":"client_97",
    "LAST_TRADE_DATE":"01/10/2012 00:00:00",
    "TRADE_VOLUME":"0",
    "REVENUE":"21,353",
    "TRAVEL_ENTERTAINMENT":"",
    "EVENT_COUNT":"",
    "MEETING_COUNT":""
  },
  {
    "CLIENT_ID":"970",
    "CLIENT_NAME":"client_970",
    "LAST_TRADE_DATE":"01/25/2012 00:00:00",
    "TRADE_VOLUME":"218,989",
    "REVENUE":"18,496",
    "TRAVEL_ENTERTAINMENT":"",
    "EVENT_COUNT":"",
    "MEETING_COUNT":""
  },
  {
    "CLIENT_ID":"971",
    "CLIENT_NAME":"client_971",
    "LAST_TRADE_DATE":"01/13/2012 00:00:00",
    "TRADE_VOLUME":"2,600",
    "REVENUE":"67",
    "TRAVEL_ENTERTAINMENT":"",
    "EVENT_COUNT":"",
    "MEETING_COUNT":""
  },
  {
    "CLIENT_ID":"972",
    "CLIENT_NAME":"client_972",
    "LAST_TRADE_DATE":"02/01/2012 00:00:00",
    "TRADE_VOLUME":"6,351,197",
    "REVENUE":"209,062",
    "TRAVEL_ENTERTAINMENT":"",
    "EVENT_COUNT":"",
    "MEETING_COUNT":"23"
  },
  {
    "CLIENT_ID":"973",
    "CLIENT_NAME":"client_973",
    "LAST_TRADE_DATE":"01/17/2012 00:00:00",
    "TRADE_VOLUME":"3,501,706",
    "REVENUE":"13,195",
    "TRAVEL_ENTERTAINMENT":"",
    "EVENT_COUNT":"",
    "MEETING_COUNT":""
  },
  {
    "CLIENT_ID":"974",
    "CLIENT_NAME":"client_974",
    "LAST_TRADE_DATE":"11/30/2011 00:00:00",
    "TRADE_VOLUME":"0",
    "REVENUE":"3,729",
    "TRAVEL_ENTERTAINMENT":"18.65",
    "EVENT_COUNT":"",
    "MEETING_COUNT":"1"
  },
  {
    "CLIENT_ID":"975",
    "CLIENT_NAME":"client_975",
    "LAST_TRADE_DATE":"08/01/2011 00:00:00",
    "TRADE_VOLUME":"0",
    "REVENUE":"1,088",
    "TRAVEL_ENTERTAINMENT":"",
    "EVENT_COUNT":"",
    "MEETING_COUNT":""
  },
  {
    "CLIENT_ID":"976",
    "CLIENT_NAME":"client_976",
    "LAST_TRADE_DATE":"01/12/2012 00:00:00",
    "TRADE_VOLUME":"636,174",
    "REVENUE":"54,850",
    "TRAVEL_ENTERTAINMENT":"",
    "EVENT_COUNT":"",
    "MEETING_COUNT":"3"
  },
  {
    "CLIENT_ID":"977",
    "CLIENT_NAME":"client_977",
    "LAST_TRADE_DATE":"02/01/2012 00:00:00",
    "TRADE_VOLUME":"834,196",
    "REVENUE":"39,008",
    "TRAVEL_ENTERTAINMENT":"",
    "EVENT_COUNT":"",
    "MEETING_COUNT":"4"
  },
  {
    "CLIENT_ID":"978",
    "CLIENT_NAME":"client_978",
    "LAST_TRADE_DATE":"02/01/2012 00:00:00",
    "TRADE_VOLUME":"5,937,212",
    "REVENUE":"214,368",
    "TRAVEL_ENTERTAINMENT":"",
    "EVENT_COUNT":"2",
    "MEETING_COUNT":"97"
  },
  {
    "CLIENT_ID":"979",
    "CLIENT_NAME":"client_979",
    "LAST_TRADE_DATE":"10/18/2011 00:00:00",
    "TRADE_VOLUME":"216,200",
    "REVENUE":"9,822",
    "TRAVEL_ENTERTAINMENT":"49.11",
    "EVENT_COUNT":"",
    "MEETING_COUNT":"1"
  },
  {
    "CLIENT_ID":"98",
    "CLIENT_NAME":"client_98",
    "LAST_TRADE_DATE":"01/12/2012 00:00:00",
    "TRADE_VOLUME":"1,103,576",
    "REVENUE":"36,951",
    "TRAVEL_ENTERTAINMENT":"",
    "EVENT_COUNT":"",
    "MEETING_COUNT":""
  },
  {
    "CLIENT_ID":"980",
    "CLIENT_NAME":"client_980",
    "LAST_TRADE_DATE":"01/11/2012 00:00:00",
    "TRADE_VOLUME":"62,233,704",
    "REVENUE":"203,862",
    "TRAVEL_ENTERTAINMENT":"",
    "EVENT_COUNT":"",
    "MEETING_COUNT":"1"
  },
  {
    "CLIENT_ID":"981",
    "CLIENT_NAME":"client_981",
    "LAST_TRADE_DATE":"11/22/2011 00:00:00",
    "TRADE_VOLUME":"1,180,568",
    "REVENUE":"54,964",
    "TRAVEL_ENTERTAINMENT":"",
    "EVENT_COUNT":"",
    "MEETING_COUNT":""
  },
  {
    "CLIENT_ID":"982",
    "CLIENT_NAME":"client_982",
    "LAST_TRADE_DATE":"02/01/2012 00:00:00",
    "TRADE_VOLUME":"4,982,657",
    "REVENUE":"137,245",
    "TRAVEL_ENTERTAINMENT":"",
    "EVENT_COUNT":"",
    "MEETING_COUNT":"16"
  },
  {
    "CLIENT_ID":"983",
    "CLIENT_NAME":"client_983",
    "LAST_TRADE_DATE":"09/09/2011 00:00:00",
    "TRADE_VOLUME":"109,251",
    "REVENUE":"0",
    "TRAVEL_ENTERTAINMENT":"",
    "EVENT_COUNT":"",
    "MEETING_COUNT":""
  },
  {
    "CLIENT_ID":"984",
    "CLIENT_NAME":"client_984",
    "LAST_TRADE_DATE":"02/01/2012 00:00:00",
    "TRADE_VOLUME":"963,820,178",
    "REVENUE":"5,505,070",
    "TRAVEL_ENTERTAINMENT":"55050.70",
    "EVENT_COUNT":"39",
    "MEETING_COUNT":"1,927"
  },
  {
    "CLIENT_ID":"985",
    "CLIENT_NAME":"client_985",
    "LAST_TRADE_DATE":"01/20/2012 00:00:00",
    "TRADE_VOLUME":"545,526",
    "REVENUE":"11,117",
    "TRAVEL_ENTERTAINMENT":"",
    "EVENT_COUNT":"",
    "MEETING_COUNT":""
  },
  {
    "CLIENT_ID":"986",
    "CLIENT_NAME":"client_986",
    "LAST_TRADE_DATE":"02/01/2012 00:00:00",
    "TRADE_VOLUME":"948,793,246",
    "REVENUE":"2,965,655",
    "TRAVEL_ENTERTAINMENT":"29656.55",
    "EVENT_COUNT":"35",
    "MEETING_COUNT":"1,760"
  },
  {
    "CLIENT_ID":"987",
    "CLIENT_NAME":"client_987",
    "LAST_TRADE_DATE":"11/30/2011 00:00:00",
    "TRADE_VOLUME":"283,000",
    "REVENUE":"1,546",
    "TRAVEL_ENTERTAINMENT":"",
    "EVENT_COUNT":"",
    "MEETING_COUNT":""
  },
  {
    "CLIENT_ID":"988",
    "CLIENT_NAME":"client_988",
    "LAST_TRADE_DATE":"01/13/2012 00:00:00",
    "TRADE_VOLUME":"7,507,372",
    "REVENUE":"82,175",
    "TRAVEL_ENTERTAINMENT":"",
    "EVENT_COUNT":"",
    "MEETING_COUNT":"2"
  },
  {
    "CLIENT_ID":"989",
    "CLIENT_NAME":"client_989",
    "LAST_TRADE_DATE":"02/01/2012 00:00:00",
    "TRADE_VOLUME":"102,486,324",
    "REVENUE":"671,469",
    "TRAVEL_ENTERTAINMENT":"",
    "EVENT_COUNT":"6",
    "MEETING_COUNT":"276"
  },
  {
    "CLIENT_ID":"99",
    "CLIENT_NAME":"client_99",
    "LAST_TRADE_DATE":"01/30/2012 00:00:00",
    "TRADE_VOLUME":"8,600",
    "REVENUE":"791,266",
    "TRAVEL_ENTERTAINMENT":"",
    "EVENT_COUNT":"",
    "MEETING_COUNT":""
  },
  {
    "CLIENT_ID":"990",
    "CLIENT_NAME":"client_990",
    "LAST_TRADE_DATE":"02/01/2012 00:00:00",
    "TRADE_VOLUME":"480",
    "REVENUE":"19",
    "TRAVEL_ENTERTAINMENT":"",
    "EVENT_COUNT":"",
    "MEETING_COUNT":"2"
  },
  {
    "CLIENT_ID":"991",
    "CLIENT_NAME":"client_991",
    "LAST_TRADE_DATE":"01/05/2012 00:00:00",
    "TRADE_VOLUME":"1,182,804",
    "REVENUE":"41,847",
    "TRAVEL_ENTERTAINMENT":"",
    "EVENT_COUNT":"",
    "MEETING_COUNT":"1"
  },
  {
    "CLIENT_ID":"992",
    "CLIENT_NAME":"client_992",
    "LAST_TRADE_DATE":"01/30/2012 00:00:00",
    "TRADE_VOLUME":"754,917",
    "REVENUE":"28,389",
    "TRAVEL_ENTERTAINMENT":"",
    "EVENT_COUNT":"",
    "MEETING_COUNT":"13"
  },
  {
    "CLIENT_ID":"993",
    "CLIENT_NAME":"client_993",
    "LAST_TRADE_DATE":"01/20/2012 00:00:00",
    "TRADE_VOLUME":"10,099,700",
    "REVENUE":"28,480",
    "TRAVEL_ENTERTAINMENT":"",
    "EVENT_COUNT":"",
    "MEETING_COUNT":"2"
  },
  {
    "CLIENT_ID":"994",
    "CLIENT_NAME":"client_994",
    "LAST_TRADE_DATE":"02/01/2012 00:00:00",
    "TRADE_VOLUME":"14,862,861",
    "REVENUE":"96,967",
    "TRAVEL_ENTERTAINMENT":"",
    "EVENT_COUNT":"1",
    "MEETING_COUNT":"59"
  },
  {
    "CLIENT_ID":"995",
    "CLIENT_NAME":"client_995",
    "LAST_TRADE_DATE":"02/01/2012 00:00:00",
    "TRADE_VOLUME":"139,801,222",
    "REVENUE":"489,154",
    "TRAVEL_ENTERTAINMENT":"",
    "EVENT_COUNT":"10",
    "MEETING_COUNT":"482"
  },
  {
    "CLIENT_ID":"996",
    "CLIENT_NAME":"client_996",
    "LAST_TRADE_DATE":"02/01/2012 00:00:00",
    "TRADE_VOLUME":"28,099,980",
    "REVENUE":"786,975",
    "TRAVEL_ENTERTAINMENT":"",
    "EVENT_COUNT":"1",
    "MEETING_COUNT":"35"
  },
  {
    "CLIENT_ID":"997",
    "CLIENT_NAME":"client_997",
    "LAST_TRADE_DATE":"02/01/2012 00:00:00",
    "TRADE_VOLUME":"13,547,452",
    "REVENUE":"66,182",
    "TRAVEL_ENTERTAINMENT":"",
    "EVENT_COUNT":"5",
    "MEETING_COUNT":"263"
  },
  {
    "CLIENT_ID":"998",
    "CLIENT_NAME":"client_998",
    "LAST_TRADE_DATE":"01/27/2012 00:00:00",
    "TRADE_VOLUME":"5,504,055",
    "REVENUE":"74,375",
    "TRAVEL_ENTERTAINMENT":"",
    "EVENT_COUNT":"",
    "MEETING_COUNT":"1"
  },
  {
    "CLIENT_ID":"999",
    "CLIENT_NAME":"client_999",
    "LAST_TRADE_DATE":"02/01/2012 00:00:00",
    "TRADE_VOLUME":"3,046,142",
    "REVENUE":"103,488",
    "TRAVEL_ENTERTAINMENT":"",
    "EVENT_COUNT":"",
    "MEETING_COUNT":"4"
  }
]
}